2019 3299
936 178 990 220 29

117 300 191 359 qui
240 300 458 343 hominem
507 300 722 343 urbanum
768 299 933 342 decent.
966 299 1240 343 Rusticitatis
1273 305 1312 343 et
1346 300 1530 344 duritiae
1564 301 1639 345 illa
1670 318 1790 346 aver-

116 377 273 421 tendae
318 376 508 419 formula
554 381 595 419 et
641 375 738 419 aliis
786 391 827 418 1n
876 375 1061 432 dialogis
1107 376 1408 433 interponitur,
1462 393 1603 433 neque
1650 377 1792 420 solum

116 451 285 496 Socrati
317 451 455 501 datur,
490 451 565 494 sed
598 451 728 494 etiam
763 450 861 494 aliis
893 451 1102 494 dramatis
1136 451 1356 508 personis,
1386 466 1436 494 ex
1482 467 1569 509 qua
1602 467 1645 495 re
1677 457 1796 508 patet

115 526 311 570 Platonis
348 526 468 570 illam
511 525 777 569 locutionem
811 541 922 575 esse,
955 525 1185 569 Platonem
1220 526 1277 569 ibi
1309 526 1511 574 dilucere,
1545 526 1630 570 vid.
1664 526 1793 583 Gorg.

116 601 201 644 462
233 601 281 649 E,
329 601 413 644 509
446 601 498 648 A,
549 601 634 644 486
667 600 713 650 C,
763 600 951 658 Euthyd.
1000 602 1085 644 283
1116 601 1164 651 E,
1213 601 1394 644 Theaet.
1448 602 1529 645 146
1548 603 1601 651 A,
1646 602 1792 645 Alcib.

119 675 274 724 118B;
295 676 377 719 hoc
408 675 452 718 in
485 675 658 731 dialogo
688 691 818 732 saepe
852 676 940 719 veri
974 676 1168 720 Socratis
1195 676 1382 732 vestigia
1409 677 1791 733 deprehendimus,

115 751 400 794 nihilominus
446 750 674 794 Platonica
721 751 968 795 urbanitate
1014 751 1203 795 formula
1250 752 1543 808 praemittitur
1590 753 1797 803 ὀνομάζειν

114 826 232 877 ὀκνῶ,
277 830 496 883 postremo
543 826 745 869 acerbam
788 826 1050 869 sententiam
1095 827 1288 882 protulit,
1331 828 1487 882 ἀμαθίᾳ
1520 833 1717 876 συνοικεῖς
1749 836 1794 884 τῇ

114 902 264 957 ἐσχάτῃ.
311 901 409 944 Huc
449 916 621 959 quoque
663 900 766 945 facit
809 902 991 945 Theaet.
1042 904 1124 945 155
1160 901 1208 946 E.
1247 903 1389 955 ’Ἀθρει
1438 904 1486 954 δὴ
1534 911 1798 955 περισκοπῶν,

114 980 168 1029 μή
213 995 268 1026 τις
314 985 391 1017 τῶν
438 979 626 1028 ἀμυήτων
665 979 856 1034 ἐπακούῃ.
903 978 976 1019 εἰσὶ
1017 978 1059 1018 δὲ
1100 975 1209 1019 οὗτοι
1251 981 1291 1019 οἵ
1329 979 1448 1018 οὐδὲν
1489 978 1582 1019 ἄλλο
1615 980 1794 1029 οἰόμενοι

113 1050 214 1092 εἶναι
259 1052 284 1105 ἢ
336 1050 384 1093 οὗ
436 1053 485 1092 ἂν
532 1056 732 1094 δύνωνται
777 1054 896 1106 ἀπρὶξ
938 1060 1022 1095 τοῖν
1062 1061 1194 1107 χεροῖν
1225 1056 1435 1107 λαβέσθαι,
1465 1057 1624 1106 πράξεις
1656 1054 1794 1095 δὲκαὶ

113 1128 284 1180 γενέσεις
314 1129 380 1168 καὶ
416 1137 496 1168 πᾶν
528 1131 569 1169 τὸ
602 1129 772 1181 ἀόρατον
804 1130 878 1169 οὐκ
912 1132 1196 1182 ἀποδεχόμενοι
1228 1130 1279 1178 ὡς
1311 1131 1352 1170 ἓν
1381 1132 1519 1178 οὐσίας
1546 1131 1675 1181 μέρει..
1698 1130 1794 1174 HOC

111 1202 206 1245 loco
251 1202 428 1259 cynicos
474 1203 701 1260 impugnat
747 1203 800 1247 cf.
848 1209 999 1247 notum
1048 1204 1156 1248 illud
1203 1204 1365 1248 dictum
1408 1204 1687 1249 Antisthenis
1721 1205 1789 1249 vel

115 1277 320 1334 Diogenis
366 1278 437 1333 (cf.
487 1279 610 1335 Diog.
658 1279 798 1322 Laert.
844 1279 907 1322 VI
939 1281 1009 1331 53)
1041 1282 1165 1320 ἵππον
1198 1281 1269 1331 μὲν
1302 1281 1393 1332 ὁρῶ,
1425 1283 1618 1333 ῑππότητα
1651 1282 1693 1321 δέ
1724 1283 1795 1333 οὐχ

113 1352 189 1404 ὁρῶ
232 1353 379 1410 Pergit
409 1353 565 1398 deinde
596 1354 887 1398 Theaetetus:
922 1356 987 1395 καὶ
1019 1355 1090 1405 μὲν
1123 1357 1186 1407 δή,
1218 1352 1247 1396 ὦ
1279 1358 1502 1407 Σώκρατες,
1533 1359 1728 1408 σκληρούς
1753 1373 1795 1410 γε

108 1429 232 1482 λέγεις
280 1430 347 1469 καὶ
391 1430 632 1478 ἀντιτύπους
679 1431 935 1481 ἀνθρώπους.
981 1430 1185 1474 Socrates
1231 1430 1485 1474 Platonicus
1532 1432 1790 1488 respondet:

114 1504 205 1544 Εἰσὶ
248 1506 336 1557 γάρ,
382 1501 410 1545 ὦ
456 1510 541 1556 παῖ,
582 1504 662 1556 μάλ’
711 1502 754 1545 εὖ
787 1505 969 1556 ἄμουσοι·
1002 1507 1111 1546 ἄλλοι
1144 1506 1185 1546 δὲ
1218 1508 1319 1547 πολὺ
1352 1510 1606 1559 κομψότεροι,
1636 1525 1670 1547 κ.
1702 1526 1731 1548 τ.
1762 1514 1794 1548 λ.

114 1578 253 1622 Verus
284 1584 432 1623 autem
464 1579 670 1623 Socrates
703 1579 843 1636 magis
875 1580 1128 1637 cynicorum
1165 1585 1270 1624 erat.

171 1653 234 1697 De
279 1654 459 1698 Socrate
504 1654 694 1712 expolito
743 1655 941 1699 videatur
986 1671 1159 1713 quoque
1206 1656 1391 1700 Phaedr.
1424 1656 1560 1700 243C
1594 1656 1667 1700 ubi
1701 1657 1791 1701 fere

111 1729 307 1786 magistri
338 1730 655 1787 elegantiarum
697 1736 845 1788 partes
887 1731 975 1788 agit
1008 1736 1048 1774 et
1082 1736 1253 1775 veretur
1285 1732 1475 1789 speciem
1509 1732 1719 1790 praebere
1753 1735 1794 1774 ἐν

109 1807 271 1853 ναύταις
303 1821 382 1846 που
417 1807 715 1857 τεθραμμένων.

167 1879 317 1936 Ipsum
350 1884 497 1923 autem
529 1881 757 1924 Platonem
787 1881 906 1938 loqui
940 1881 1002 1924 eis
1033 1881 1140 1925 locis
1174 1897 1248 1938 per
1280 1882 1396 1925 hunc
1428 1881 1653 1926 Socratem
1677 1898 1792 1926 nunc

109 1953 235 1998 facile
280 1955 587 2012 intellegimus.
635 1956 840 2000 Pluribus
887 1956 994 2000 locis
1043 1972 1095 2000 ex
1136 1957 1234 2000 aliis
1277 1957 1463 2014 dialogis
1496 1957 1641 2001 allatis
1674 1958 1788 2002 hanc

107 2035 301 2074 nostram
334 2031 596 2075 sententiam
630 2032 910 2076 corroborare
942 2032 1059 2076 haud
1092 2033 1261 2076 difficile
1294 2038 1382 2082 est;
1418 2033 1525 2076 haec
1552 2038 1699 2077 autem
1734 2034 1787 2077 ad

109 2106 316 2150 tuendam
349 2107 600 2164 opinionem
635 2107 866 2151 sufficiant.

166 2180 224 2224 Ut
270 2182 493 2238 paulisper
538 2183 592 2226 ad
641 2183 901 2239 Apologiam
951 2183 1149 2226 Platonis
1191 2184 1437 2233 redeamus,
1487 2184 1647 2241 pagina
1677 2185 1790 2228 37A

107 2256 199 2312 ipse
231 2257 407 2314 exponit
439 2258 659 2315 quomodo
691 2259 784 2302 eius
817 2258 1034 2315 superbia,
1070 2259 1106 2302 si
1138 2259 1313 2317 quidem
1339 2260 1421 2303 hoc
1454 2260 1629 2303 nomine
1662 2260 1794 2316 digna

108 2336 186 2381 est,
219 2333 474 2389 accipienda
506 2333 575 2383 Sit,
610 2336 651 2374 τὸ
679 2334 720 2374 ὁὲ
749 2336 822 2375 οὐκ
849 2337 967 2385 ἔστιν,
995 2332 1023 2375 ὦ
1053 2341 1272 2387 Ἀθηναῖοι,
1297 2344 1490 2386 τοιοῦτον,
1517 2337 1614 2376 ἀλλὰ
1640 2338 1794 2376 τοιόνδε

107 2413 253 2458 μᾶλλον
286 2426 318 2449 κ.
351 2426 379 2448 τ.
411 2415 429 2448 λ
475 2408 613 2452 Immo
647 2424 749 2452 vero
783 2409 892 2453 adeo
924 2409 1168 2453 benevolus
1200 2409 1416 2454 iudicibus
1449 2415 1514 2454 est
1546 2415 1592 2453 ut
1626 2425 1788 2454 morem

105 2497 252 2538 gerere
286 2483 378 2526 Vult
409 2483 581 2540 legibus
614 2488 654 2527 et
687 2492 843 2536 τιμᾶται
874 2487 1085 2537 τριάκοντα
1118 2494 1239 2537 μνῶν.
1273 2485 1460 2529 Summa
1490 2485 1719 2529 urbanitas
1752 2491 1791 2529 et

107 2573 281 2602 summa
313 2559 643 2602 benevolentia!

165 2633 347 2689 Expedit
394 2650 566 2691 quoque
612 2633 722 2677 inter
764 2650 809 2677 se
852 2634 1048 2678 conferre
1083 2635 1216 2678 verba
1249 2635 1445 2679 Socratis
1478 2635 1788 2692 Xenophontei

106 2713 146 2751 et
172 2708 384 2752 Platonici
412 2710 462 2752 de
495 2709 664 2765 placitis
683 2715 722 2753 et
740 2710 936 2754 doctrina
957 2710 1142 2754 aliorum
1162 2710 1523 2767 philosophorum
1542 2711 1790 2756 iudicantis.

165 2784 292 2839 Apud
324 2784 553 2827 Platonem
588 2785 752 2828 urbane
782 2785 847 2829 vel
875 2785 1037 2828 ironice
1065 2786 1116 2828 de
1145 2786 1208 2829 eis
1235 2786 1427 2843 loquitur
1449 2786 1502 2829 cf.
1522 2787 1648 2843 Apol.
1672 2788 1722 2831 19
1743 2787 1788 2831 C.

104 2860 170 2898 καὶ
200 2861 271 2911 οὐχ
304 2861 354 2908 ὡς
386 2861 582 2911 ἀτιμάζων
614 2861 711 2913 λέγω
741 2862 810 2912 τὴν
843 2864 1032 2913 τοιαύτην
1064 2862 1284 2913 ἐπιστήμην
1316 2880 1348 2901 κ.
1367 2880 1394 2901 τ.
1413 2868 1443 2901 λ.
1473 2861 1584 2904 idem
1605 2862 1790 2906 phaedr.

108 2934 193 2977 229
212 2933 261 2977 Ε.
309 2940 516 2988 γελοῖον
565 2936 608 2976 δέ
654 2953 720 2987 μοι
760 2938 942 2987 φαίνεται
989 2945 1104 2978 τοῦτο
1153 2939 1205 2977 ἔτι
1252 2939 1476 2990 ἀγνοοῦντα
1518 2940 1563 2978 τὰ
1609 2939 1790 2991 ἀλλότρια
