2019 3299
1004 183 1086 226 134

165 333 168 338 ›
195 309 275 355 est,
307 305 439 349 nimis
471 304 714 362 ingeniose,
744 306 874 348 nimis
903 304 1133 361 sagaciter,
1161 309 1283 361 putat
1313 304 1686 348 narratiunculam
1705 305 1746 348 in
1766 303 1881 349 Xen.

194 380 323 437 Apol.
382 380 594 437 originem
648 380 835 424 traxisse
884 397 905 424 e
953 380 1128 436 dialogo
1175 380 1454 423 Antisthenis
1499 382 1731 433 (Πολιτικόν
1777 384 1884 437 puta

197 456 265 499 vel
297 456 470 510 Κῦρον).
1333 504 1338 510 ¹

254 531 388 575 Tales
430 530 706 588 suspiciones
749 530 869 574 nullo
913 535 1173 586 argumento
1215 529 1350 573 fretas
1391 529 1452 573 sic
1495 534 1656 573 temere
1688 529 1882 586 prolatas

193 606 300 649 mihi
342 606 518 663 quidem
560 606 691 649 bilem
726 621 902 649 movere
935 605 1158 649 confiteor.
1187 605 1305 648 Num
1336 605 1631 649 necessarium
1661 609 1728 649 est
1752 605 1883 661 igitur

193 682 534 739 Xenophontem
564 681 713 725 omnia
730 695 784 724 ex
802 681 889 725 alio
908 681 1082 737 dialogo
1101 680 1344 737 sumpsisse
1365 703 1414 708 -
1435 679 1735 737 impudentem
1753 680 1884 737 igitur

193 757 455 813 plagiarium
489 772 534 800 se
567 756 798 813 praebere!
843 782 878 784 —
922 771 1035 813 quae
1065 756 1107 798 in
1136 770 1273 812 parvo
1302 755 1383 798 hoc
1411 755 1558 798 libello
1587 756 1748 813 publici
1775 756 1882 800 iuris

192 831 326 875 fecit?
359 831 481 883 Quae
513 847 649 875 causa
681 836 787 881 erat,
821 847 941 887 rogo,
975 832 1090 888 quod
1123 832 1231 875 haec
1262 830 1467 874 inornata
1496 835 1628 889 atque
1660 831 1884 889 incompta

191 907 330 964 deque
382 907 529 964 Anyto
577 907 717 964 deque
764 911 858 949 tota
904 906 1101 950 Socratis
1148 906 1223 949 lite
1271 906 1512 949 scriberet?
1560 906 1686 958 Quod
1735 907 1884 964 ignota

191 987 354 1032 essent,
395 982 564 1039 opinor,
609 997 771 1038 magna
802 997 854 1025 ex
886 987 1008 1039 parte
1041 981 1407 1025 Atheniensibus.
1442 981 1609 1032 Quodsi
1646 982 1733 1026 iam
1762 983 1881 1026 inno-

193 1058 274 1101 tuit
314 1058 418 1101 illud
463 1057 744 1114 colloquium,
784 1057 899 1114 quod
932 1057 1137 1101 Socrates
1170 1072 1268 1100 cum
1303 1057 1451 1114 Anyto
1485 1057 1676 1102 habebat
1709 1073 1761 1101 ex
1796 1057 1883 1102 alio

191 1134 368 1191 scripto,
403 1133 570 1177 nullam
604 1148 786 1177 causam
822 1133 964 1176 video.

253 1209 466 1253 Desinant
499 1208 578 1252 viri
610 1209 725 1252 docti
758 1224 956 1265 pugnare
989 1207 1153 1264 ignotis
1186 1207 1388 1263 dialogis.

252 1284 469 1328 Desinant
501 1300 675 1341 quoque
707 1284 857 1327 omnia
888 1299 940 1327 ex
959 1283 1119 1340 ignotis
1146 1283 1425 1327 Antisthenis
1445 1283 1620 1341 scriptis
1649 1284 1882 1329 illustrare.

255 1361 401 1403 Nimis
432 1360 602 1403 lubrica
634 1359 711 1403 illa
743 1359 816 1403 via
847 1364 887 1403 et
920 1359 1098 1403 incerta.

252 1435 467 1493 Equidem
511 1435 830 1492 expectandum
875 1451 973 1479 esse
1016 1435 1205 1479 arbitror
1237 1436 1340 1479 dum
1374 1434 1502 1492 plura
1533 1435 1801 1480 innotuerint
1831 1452 1882 1480 ex

195 1511 339 1556 caecis
371 1511 457 1554 illis
490 1510 679 1568 scriptis.

251 1663 309 1707 Ut
357 1664 471 1708 hanc
518 1668 685 1720 partem
720 1669 898 1707 nostrae
927 1663 1243 1720 disputationis
1277 1664 1583 1714 absolvamus,
1621 1679 1696 1719 pro
1732 1669 1883 1707 nostra

195 1739 306 1782 virili
350 1740 551 1783 dedimus
592 1754 770 1795 operam
806 1744 851 1781 ut
884 1738 1115 1782 Maieiium
1149 1739 1464 1788 refelleremus,
1498 1740 1573 1797 qui
1606 1739 1884 1783 contenderet

193 1814 358 1858 nullam
402 1814 621 1871 syllabam
666 1813 858 1857 indicare
900 1814 982 1857 hoc
1021 1814 1063 1857 in
1097 1814 1227 1870 Apol.
1262 1814 1375 1858 Xen.
1409 1815 1675 1872 colloquium
1709 1813 1884 1858 Platoni

193 1894 340 1933 notam
373 1889 510 1933 fuisse
545 1895 620 1933 aut
653 1890 708 1933 ab
741 1905 792 1933 eo
827 1905 980 1933 verum
1020 1890 1216 1933 habitum
1252 1906 1363 1934 esse.
1475 1945 1477 1948 Ι

250 1964 416 2016 Quodsi
459 1970 605 2008 autem
649 1965 731 2009 hoc
772 1965 1041 2022 colloquium
1083 1981 1109 2008 a
1141 1964 1254 2008 Xen.
1289 1965 1582 2022 excogitatum
1616 1972 1696 2016 est,
1737 1965 1884 2009 vatici-

188 2041 306 2084 natio
339 2056 526 2098 quoque,
560 2041 611 2083 de
643 2056 732 2098 qua
765 2040 1104 2097 disputabimus,
1140 2040 1327 2084 conficta
1347 2046 1412 2084 est
1444 2041 1510 2084 Ea
1539 2041 1654 2084 enim
1673 2045 1765 2084 arte
1783 2056 1880 2084 cum

191 2115 409 2173 colloquio
437 2116 657 2159 cohaeret.
684 2115 851 2167 Quodsi
882 2116 1135 2160 vaticinium
1157 2116 1261 2159 illud
1292 2117 1334 2159 in
1364 2117 1490 2173 Apol.
1512 2116 1626 2160 Xen.
1648 2116 1774 2160 nobis
1793 2132 1879 2159 non

193 2191 411 2234 videbitur
447 2191 796 2235 addubitandum
825 2207 937 2239 esse,
966 2191 1232 2248 colloquium
1252 2207 1427 2248 quoque
1451 2191 1582 2235 simul
1611 2191 1886 2235 defendetur.

252 2266 314 2309 De
349 2267 430 2309 hoc
462 2272 610 2310 autem
646 2266 852 2310 vaticinio
887 2266 970 2310 vid.
1007 2267 1332 2323 paragraphum
1367 2271 1640 2324 sequentem.

506 2479 535 2535 ἓ
569 2481 639 2524 22.
707 2480 754 2524 C.
789 2480 862 2524 De
909 2479 1149 2525 Socrate
1199 2480 1574 2524 vaticinante.

189 2634 317 2691 Apol.
351 2633 465 2678 Xen.
494 2636 564 2679 30.
1037 2638 1039 2660 ¹
1105 2636 1233 2693 Apol.
1266 2636 1376 2679 Plat.
1408 2637 1465 2680 39
1498 2636 1544 2680 C.
1563 2636 1613 2680 D.

250 2712 358 2750 Ἀλλὰ
390 2711 535 2762 μέντοι,
566 2713 693 2761 φάναι
724 2712 859 2763 αὐτόν,
887 2712 975 2752 ἀνέ-
1168 2714 1220 2752 Τὸ
1269 2712 1311 2752 δὲ
1353 2713 1401 2763 δὴ
1434 2712 1528 2763 μετὰ
1558 2720 1674 2752 τοῦτο
1708 2713 1884 2752 ἐπιθυ-

188 2790 292 2836 θηκε
339 2784 411 2835 μὲν
457 2787 523 2825 καὶ
556 2786 734 2838 ”Όμηρος
777 2788 881 2826 ἔστιν
915 2784 972 2835 οἷς
1106 2796 1173 2838 μῶ
1217 2788 1312 2838 ὑμῖν
1343 2789 1734 2843 χρησμῳδῆσαι,
1760 2783 1790 2826 ὦ
1817 2803 1884 2826 κα-

187 2867 264 2900 τῶν
297 2862 338 2900 ἕν
370 2863 580 2901 καταλύσει
610 2869 680 2901 τοῦ
713 2864 804 2914 βίου
836 2879 972 2915 προγι-
1105 2864 1434 2914 ταψηφισάμενοί
1470 2876 1559 2913 μου·
1601 2863 1666 2902 καὶ
1706 2863 1779 2915 γάρ
1811 2862 1884 2912 εἶμι

189 2937 381 2991 γνώσκειν
409 2936 455 2977 τὰ
480 2936 683 2989 μέλλοντα,
713 2939 838 2990 βούλ
853 2954 911 2990 ομ
925 2955 973 2977 αι
1107 2938 1185 2990 ἤδη
1219 2938 1410 2988 ἐνταῦθα,
1436 2938 1476 2978 ἐν
1505 2935 1533 2993 ᾧ
1560 2936 1708 2989 μάλιστ’
1728 2937 1884 2990 ἅνθρω-
