2019 3299
936 178 1017 220 135

127 301 168 341 δὲ
213 301 279 341 καὶ
324 302 398 354 ἐγὼ
441 303 807 357 χρησμῳδῆσαί
850 319 894 341 τι.
1029 316 1096 340 ποι
1138 302 1457 355 χρησμῳδοῦσιν,
1493 301 1586 340 ὅταν
1619 301 1811 350 μέλλωσιν

123 377 394 429 συνεγενόμην
439 377 512 428 γάρ
545 392 637 415 ποτε
668 376 813 427 βραχέα
845 385 895 431 τῷ
1030 376 1342 415 ἀποθανεῖσθαι·
1375 375 1479 426 φημὶ
1509 371 1814 431 γάρ,ὦᾶνδρες,

128 453 284 490 Ἀνύτου
326 452 398 504 υἱῷ
446 450 510 488 καὶ
556 450 665 498 ἔδοξέ
710 467 776 500 μοι
823 451 897 490 οὐκ
1030 452 1068 490 οἳ
1108 449 1172 501 ἐμὲ
1209 451 1463 500 ἀπεκτόνατε,
1492 451 1684 502 τιμωρίαν
1716 451 1812 502 ὑμῖν

122 525 320 576 ἄρρωστος
361 525 432 576 τὴν
474 525 610 577 ψυχὴν
656 522 769 564 εἶναι·
801 526 897 566 ὥστε
1029 526 1136 576 ἥξειν
1168 526 1294 573 εὐθὺς
1335 527 1431 577 μετὰ
1461 527 1528 566 τὸν
1561 527 1655 578 ἐμὸν
1681 528 1811 565 θάνα-

121 599 224 651 φημὶ
274 600 397 639 αὐτὸν
443 600 504 638 ἐπὶ
546 607 590 655 τῇ
638 601 901 653 δουλοπρεπεῖ
1029 616 1096 639 τον
1143 602 1245 640 πολὺ
1287 602 1560 653 χαλεπωτέραν
1592 603 1642 653 νὴ
1676 603 1753 641 Δία
1784 601 1810 654 ἢ

122 675 316 729 διατριβῇ,
355 673 405 725 ἣν
436 674 454 714 ὁ
487 674 614 726 πατὴρ
647 676 752 730 αὐτῷ
779 691 897 727 παρε-
1029 678 1120 716 οἳαν
1153 675 1217 728 ἐμὲ
1248 676 1500 717 ἀπεκτόνατε·

122 752 325 800 σκεύακεν,
356 750 404 789 οὐ
437 751 648 800 διαμενεῖν·
683 749 748 789 διὰ
781 749 823 788 ὁὲ
854 750 896 789 τὸ
1027 753 1186 798 πλείους
1227 751 1383 791 ἔσονται
1422 752 1524 803 ὑμᾶς
1566 754 1604 792 οἳ
1635 753 1810 805 ἐλέγξον-

119 824 271 875 μηδένα
295 825 395 876 ἔχειν
421 827 642 865 σπουδαῖον
661 824 894 875 ἐπιμελητὴν
1027 840 1100 876 τες,
1139 825 1208 873 οὓς
1251 833 1328 865 νῦν
1369 826 1443 879 ἐγὼ
1475 832 1668 879 κατεῖχον,
1698 828 1809 878 ὑμεῖς

119 901 435 950 προσπεσεῖσθαί
472 916 548 939 τινι
580 901 721 954 αἰσχρᾷ
753 900 894 939 ἐπιθυ·
1027 899 1070 940 δὲ
1101 901 1176 940 οὐκ
1207 902 1442 955 ᾐσθάνεσθε
1467 902 1531 941 καὶ
1549 907 1809 955 χαλεπώτεροι

118 976 186 1029 μία
217 974 283 1014 καὶ
309 977 586 1027 προβήσεσθαι
611 976 744 1025 μέντοι
760 976 893 1026 πόρρω
1026 976 1182 1015 ἔσονται
1227 977 1305 1032 ὅσῳ
1353 979 1538 1028 νεώτεροί
1583 978 1695 1028 εἰσιν,
1741 977 1809 1017 καὶ

118 1051 352 1102 μοχθηρίας.
1025 1051 1136 1102 ὑμεῖς
1168 1056 1317 1101 μᾶλλον
1349 1052 1650 1104 ἀγανακτήσετε.

172 1198 278 1241 Uter
303 1199 447 1242 verius
477 1198 602 1242 nobis
623 1199 877 1242 vaticinium
899 1199 1070 1243 videtur
1088 1200 1357 1244 tradidisse?
1379 1201 1453 1244 Vir
1471 1202 1522 1245 cl.
1543 1202 1798 1247 SCHANZIUS

116 1274 188 1317 l.l.
227 1274 307 1316 112
340 1273 578 1317 arbitratur
615 1288 667 1316 ea
699 1288 811 1330 quae
844 1273 887 1316 in
920 1274 1050 1331 Apol.
1085 1274 1194 1318 Plat.
1228 1274 1433 1330 leguntur
1461 1291 1546 1319 non
1574 1292 1600 1319 a
1627 1276 1806 1320 Socrate

114 1349 229 1393 dicta
260 1349 335 1392 sed
370 1365 397 1392 a
433 1349 614 1392 Platone
647 1349 836 1392 conficta
867 1365 978 1399 esse,
1012 1354 1247 1407 postquam
1279 1350 1372 1407 ipse
1407 1351 1533 1394 Plato
1567 1351 1608 1394 in
1642 1351 1807 1408 Gorgia

112 1425 285 1481 dialogo
318 1424 404 1468 iam
437 1424 595 1467 acriter
628 1424 924 1468 Athenienses
959 1425 1207 1481 perstrinxit
1235 1430 1275 1469 et
1294 1441 1532 1482 aggressus
1551 1432 1643 1470 est:
1673 1427 1801 1481 „Man

114 1501 219 1543 wird
268 1500 401 1544 kaurn
448 1499 579 1550 irren,
628 1515 755 1543 wenn
803 1515 905 1544 man
952 1501 1045 1544 hier
1094 1501 1188 1544 eine
1238 1501 1570 1558 Prophezeiung
1612 1518 1694 1546 aus
1727 1503 1803 1546 der

114 1575 468 1632 Vergangenheit
501 1575 662 1619 heraus
694 1576 924 1627 annimmt‚
955 1592 1082 1620 wenn
1115 1577 1191 1620 der
1221 1576 1385 1633 heftige
1419 1577 1597 1633 Angriff
1621 1577 1662 1621 in
1682 1577 1803 1621 einer

112 1651 277 1695 Schrift
324 1651 460 1694 sehon
511 1650 735 1707 vollzogen
784 1650 853 1694 ist.
902 1651 1028 1694 Nach
1074 1667 1256 1695 unserer
1288 1652 1564 1708 Vermutung
1596 1652 1651 1696 ist
1683 1653 1802 1696 diese

110 1725 284 1770 scharfe
327 1726 470 1769 Kritik
514 1727 588 1769 der
631 1725 825 1770 Athener
866 1726 922 1769 im
956 1726 1142 1783 Gorgias
1174 1727 1368 1783 gegeben
1404 1727 1626 1771 worden'’.
1659 1728 1801 1772 Nobis

110 1817 297 1858 quoque,
331 1801 413 1844 etsi
446 1801 700 1845 dubitamus
734 1802 879 1845 adhuc
911 1817 965 1845 an
995 1802 1184 1858 Gorgias
1211 1801 1332 1859 prius
1360 1803 1551 1860 scriptus
1569 1803 1639 1853 sit,
1659 1808 1799 1847 totum

110 1876 364 1920 vaticinium
413 1876 608 1920 Socratis
657 1876 871 1920 Platonici
919 1877 973 1920 ab
1016 1877 1112 1934 ipso
1156 1878 1339 1921 Platone
1373 1878 1666 1935 excogitatum
1701 1895 1799 1923 esse

110 1967 369 2008 persuasum
414 1956 491 1995 est.
535 1951 657 2002 Quae
700 1956 845 1995 autem
885 1952 986 1995 ficta
1018 1957 1133 2003 sunt,
1167 1953 1296 2009 vulgo
1329 1959 1468 1996 semet
1494 1953 1592 2010 ipsa
1618 1955 1798 2011 prodere

108 2028 263 2071 solent.
299 2027 379 2070 Hic
411 2043 584 2084 quoque
618 2027 740 2071 locus
773 2028 882 2071 talia
914 2028 1074 2072 indicia
1105 2029 1318 2085 praebet?
1352 2029 1606 2073 Videamus.

166 2103 358 2146 Primum
402 2104 684 2146 statuendum
728 2108 793 2146 est
825 2102 990 2147 iudices
1027 2103 1100 2161 qui
1134 2104 1359 2148 Socratem
1393 2105 1796 2148 condemnaverunt

104 2178 345 2235 separatim
378 2193 494 2221 nunc
521 2193 548 2221 a
574 2194 646 2221 reo
674 2178 882 2222 damnato
909 2179 1188 2235 compellari;
1218 2185 1373 2236 postea
1389 2196 1491 2224 reus
1507 2196 1582 2223 eos
1599 2180 1795 2224 aversari

105 2253 275 2296 videtur
305 2254 361 2297 39
387 2254 435 2297 D.
468 2263 587 2294 ταῦτα
614 2254 686 2304 μὲν
714 2252 788 2295 οὖν
816 2256 912 2304 ὑμῖν
939 2261 1018 2303 τοῖς
1045 2257 1447 2307 καταψηφισαμένοις
1476 2259 1794 2308 μαντευσάμενος

104 2329 411 2380 ἀπαλλάττομαι.
447 2329 540 2372 Hoc
572 2329 770 2386 displicet
802 2330 905 2384 (vid.
940 2345 1074 2386 supra
1106 2346 1203 2386 pag.
1239 2332 1308 2381 69,
1346 2331 1456 2383 116).

165 2403 328 2447 Deinde
376 2404 485 2448 satis
537 2406 733 2461 abrupte
779 2405 822 2448 in
866 2406 980 2449 hanc
1024 2405 1380 2457 vaticinationem
1424 2405 1561 2450 cadit:
1594 2407 1635 2447 τὸ
1669 2407 1711 2446 δὲ
1743 2408 1791 2459 δὴ

102 2480 196 2530 μετὰ
228 2487 342 2519 τοῦτο
375 2481 560 2531 ἐπιθυμῶ
594 2482 688 2532 ὑμῖν
721 2484 1016 2537 χρησμῳδῆσαι.

162 2553 325 2611 Utique
377 2554 419 2597 in
463 2554 590 2612 Apol.
634 2555 747 2599 Xen.
780 2557 942 2613 optime
975 2557 1124 2601 omnia
1155 2557 1389 2601 cohaerent
1422 2561 1462 2600 et
1493 2557 1705 2601 transitus
1737 2557 1791 2601 ad

102 2629 355 2672 vaticinium
399 2629 552 2673 ordine
594 2630 641 2673 fit
682 2635 723 2674 et
761 2646 844 2674 sua
876 2637 1031 2688 sponte
1070 2632 1277 2676 nascitur.
1312 2632 1463 2675 Victor
1494 2632 1669 2689 Anytus
1701 2648 1788 2676 non

98 2703 192 2746 sine
232 2704 381 2760 aliqua
423 2705 658 2748 iactatione
701 2706 806 2749 abit.
841 2706 937 2757 Quo
972 2707 1122 2750 habitu
1160 2707 1300 2751 victus
1334 2708 1539 2751 Socrates
1571 2707 1787 2758 irascitur,

99 2783 343 2836 sequuntur
375 2779 528 2823 deinde
564 2781 696 2824 verba
727 2782 922 2826 laudata.

155 2853 270 2896 Tum
299 2854 506 2898 Socrates
535 2855 788 2899 Platonicus
819 2857 1176 2901 vaticinationem
1204 2863 1383 2902 excusat
1414 2874 1479 2908 eo,
1507 2858 1621 2915 quod
1640 2859 1784 2901 homi-

99 2942 186 2972 nes
228 2928 269 2971 in
315 2930 423 2973 hora
465 2930 621 2974 mortis
662 2946 793 2988 saepe
838 2932 1046 2976 vaticinia
1079 2933 1232 2977 edant:
1267 2935 1460 2987 ἐνταῦθα,
1492 2936 1532 2975 ἐν
1566 2932 1595 2989 ᾧ
1628 2935 1780 2985 μάλιστ’
