2019 3299
909 159 935 203 9

90 284 210 328 antia
255 284 297 327 in
347 284 436 327 vita
480 289 544 327 est
592 284 704 327 inter
748 284 949 326 homines
996 283 1155 339 quibus
1203 282 1376 337 negotia
1421 297 1533 338 quae
1587 280 1760 336 ingenio

86 364 352 409 exercentur,
395 360 687 417 philosophia,
729 365 845 403 artes
885 360 1141 415 litteraeque
1184 374 1314 401 curae
1356 364 1470 407 sunt,
1508 362 1638 413 atque
1686 358 1760 399 eos

87 433 246 490 quibus
273 440 505 491 quaestum
538 435 680 479 facere
713 439 753 478 et
780 435 834 478 ad
864 435 1053 478 honores
1081 434 1316 477 ascendere
1345 448 1567 476 summum
1598 432 1758 475 bonum

89 508 272 552 videtur.

146 582 242 633 Qua
271 599 315 626 re
349 584 526 628 minime
552 584 795 641 adstipulor
822 583 884 627 eis
909 584 983 640 qui
1011 583 1279 626 contendunt
1316 598 1401 625 non
1439 582 1531 625 fieri
1564 581 1761 637 potuisse

89 661 132 700 ut
193 657 397 702 Socrates
453 660 639 716 superbe
691 665 732 703 et
787 658 1070 716 contemptim
1128 658 1378 715 loqueretur
1435 658 1486 700 de
1538 656 1674 700 fabris
1722 662 1761 699 et

86 732 328 789 opificibus.

145 808 222 851 FR.
265 809 527 854 BEYSCHLAG
566 811 750 864 (Blatter
789 811 817 853 f.
847 811 886 854 d.
929 810 1085 866 Bayer.
1120 810 1279 866 Gymn.
1313 808 1597 852 Schulwesen
1635 808 1760 856 1901,

86 883 221 926 37ster
249 884 388 935 Band‚
422 901 519 942 pag.
552 888 654 940 503)
684 885 947 943 Apologiam
980 884 1266 942 Xenophonti
1298 884 1488 927 detrahit
1520 899 1618 926 cum
1651 882 1762 926 alias

87 959 141 1001 ob
167 974 325 1003 causas
357 965 448 1003 tum
482 961 536 1004 ob
572 962 705 1005 verba
736 961 873 1004 allata
904 977 925 1004 e
959 959 1018 1016 ἓξ
1052 961 1122 1009 29,
1156 962 1235 1004 30:
1269 959 1346 1002 Mit
1379 959 1540 1002 diesem
1577 957 1759 1000 Worteu

83 1033 163 1087 (ἐπὶ
193 1043 237 1090 τῇ
269 1038 539 1088 δουλοπρεπεῖ
565 1035 764 1092 διατριβῇ)
797 1036 916 1079 hatte
949 1051 994 1079 er
1020 1036 1067 1092 ja
1099 1036 1177 1079 das
1209 1035 1456 1090 ureigenste
1490 1033 1654 1076 Wesen
1688 1032 1763 1075 des

86 1108 294 1152 Sokrates
322 1109 551 1154 falschlich
578 1111 845 1168 dargestellt,
865 1112 1029 1155 seinem
1050 1110 1295 1154 Andenken
1314 1109 1408 1153 also
1426 1109 1507 1152 den
1526 1108 1763 1151 schlechte-

86 1190 180 1228 sten
224 1185 422 1230 Gefallen
466 1188 677 1232 erwiesen
721 1189 807 1231 und
849 1188 1008 1244 gerade
1049 1187 1091 1230 in
1125 1188 1198 1230 der
1231 1185 1409 1236 schrift,
1441 1185 1509 1229 die
1540 1200 1591 1227 zu
1620 1183 1764 1227 seiner

88 1260 403 1318 Verteidigung
443 1263 600 1306 dienen
639 1263 734 1313 soll,
779 1263 848 1307 die
891 1263 1126 1319 Anklagen
1171 1262 1315 1305 seiner
1347 1261 1520 1317 Gegner
1548 1260 1760 1316 geradezu

85 1340 346 1380 unterstt'itzt
378 1338 481 1381 oder
513 1339 622 1381 doch
657 1339 924 1395 wenigstens
952 1339 1017 1382 als
1052 1338 1288 1394 berechtigt
1322 1336 1586 1393 hingestellt.

143 1410 283 1454 Affert
324 1428 363 1455 V.
404 1413 443 1456 d.
487 1413 618 1469 Gorg.
665 1414 748 1458 491
793 1415 845 1457 A.
879 1414 1010 1458 Mem.
1044 1413 1118 1457 IV.
1152 1413 1193 1462 4,
1227 1414 1292 1462 6.;
1320 1413 1351 1456 Ι.
1385 1413 1424 1455 2.
1457 1412 1528 1455 37.
1561 1410 1646 1461 Qui
1679 1410 1761 1453 loci

85 1486 188 1543 quid
220 1486 303 1530 sibi
337 1487 485 1538 velint,
519 1488 684 1532 frustra
713 1504 891 1545 quaero,

142 1561 273 1605 Aliud
300 1563 415 1606 enim
444 1568 509 1606 est
526 1580 623 1607 cum
642 1570 890 1619 contemptu
910 1564 1200 1608 dehominum
1219 1563 1414 1608 artificiis
1430 1561 1563 1619 loqui,
1581 1561 1700 1605 aliud
1719 1561 1761 1604 in

84 1638 455 1695 disputationibus
481 1641 681 1697 exempla
706 1646 851 1697 petere
870 1657 891 1684 e
915 1640 1006 1684 vita
1022 1640 1278 1697 quotidiana
1303 1639 1509 1682 omnibus
1532 1636 1764 1680 notissima

85 1717 130 1756 ut
161 1713 436 1758 auditoribus
463 1730 532 1758 res
559 1715 654 1759 luce
682 1716 843 1759 clarius
869 1722 971 1759 ante
995 1717 1145 1759 oculos
1172 1720 1372 1772 ponatur.
1400 1712 1763 1770 Comparationes

84 1788 182 1831 illae
228 1789 431 1845 opificum
477 1790 591 1834 vitae
632 1791 889 1846 desumptae
931 1791 1058 1848 quasi
1102 1790 1353 1834 necessaria
1394 1790 1686 1832 instrumenta
1722 1793 1762 1831 et

83 1862 394 1919 inseparabilis
432 1866 632 1922 supellex
673 1873 798 1910 erant
841 1867 947 1910 artis
981 1867 1236 1910 dialecticae
1263 1865 1408 1922 qualis
1441 1881 1493 1908 ea
1524 1880 1550 1908 a
1581 1864 1762 1908 Socrate

81 1940 377 1991 exercebatur,
421 1942 580 1998 quibus
621 1943 863 1987 sententias
900 1948 940 1986 et
975 1944 1107 1986 verba
1137 1943 1191 1986 ad
1223 1957 1501 1986 communem
1534 1939 1759 1983 hominum

81 2019 255 2072 captum
287 2017 663 2067 accommodabat,
697 2018 857 2075 quibus
890 2034 958 2061 res
990 2017 1280 2074 disputandas
1307 2017 1361 2061 ad
1389 2014 1762 2073 simplicissimam

79 2089 265 2135 formam
307 2091 500 2148 redigere
542 2093 712 2137 solebat
755 2094 1003 2150 quibusque
1046 2109 1133 2136 non
1169 2093 1364 2150 potuisse
1396 2107 1542 2135 carere
1575 2090 1761 2134 videtur.

80 2165 240 2223 Utique
281 2167 446 2211 talibus
478 2168 585 2211 locis
620 2185 706 2212 non
741 2170 1071 2213 demonstratur
1102 2184 1205 2226 prae
1238 2169 1407 2213 artibus
1439 2166 1696 2210 liberalibus
1723 2170 1764 2209 et

81 2241 360 2299 philosophia
406 2258 518 2300 quae
571 2244 800 2287 hominum
848 2245 1046 2288 animum
1093 2244 1250 2287 excolit
1298 2249 1338 2287 et
1385 2247 1568 2286 exornat
1610 2242 1649 2284 ei
1695 2243 1761 2290 τὰς

77 2319 325 2370 βαναυσικὰσ
370 2322 519 2372 τεχνάς,
563 2319 662 2363 licet
710 2336 784 2376 per
829 2336 876 2364 se
924 2320 1188 2364 utilissimae
1235 2319 1335 2367 sint,
1385 2334 1472 2362 non
1519 2317 1759 2364 sorduisse.

81 2392 249 2437 Socrati
295 2409 468 2450 quoque
510 2395 609 2438 illae
651 2401 768 2439 artes
808 2395 1011 2439 sordidae
1044 2396 1187 2439 erant!
1223 2395 1346 2438 Alios
1379 2395 1513 2444 locos,
1547 2410 1568 2437 e
1601 2393 1762 2450 quibus

77 2467 216 2511 elucet
249 2469 350 2512 huic
381 2470 603 2513 communi
638 2471 1001 2528 philosophorum
1031 2471 1275 2514 sententiae
1308 2475 1349 2514 et
1381 2470 1605 2514 Socratem
1637 2468 1761 2512 valde

78 2542 256 2593 favisse,
306 2544 494 2588 fortasse
542 2545 674 2589 etiam
723 2546 823 2589 aliis
872 2547 952 2590 hac
995 2546 1037 2589 in
1086 2562 1132 2589 re
1179 2546 1377 2603 exemplo
1426 2545 1575 2594 fuisse,
1630 2544 1759 2587 nimis

80 2617 206 2662 facile
249 2619 511 2664 BEYSCHLAG
556 2626 680 2677 putat
722 2622 918 2665 amoveri
961 2638 1105 2678 posse,
1150 2638 1261 2672 cum,
1296 2621 1428 2665 nullis
1459 2620 1597 2664 firmis
1631 2635 1759 2675 argu-

80 2694 238 2737 mentis
274 2695 433 2745 allatis,
467 2696 664 2753 confugit
697 2697 749 2740 ad
784 2697 1125 2740 usitatissimum
1159 2702 1198 2740 et
1233 2698 1514 2741 decantatum
1547 2695 1760 2740 auxilium

80 2784 165 2812 non
199 2785 296 2813 esse
329 2770 500 2814 Socrati
532 2771 606 2815 illa
632 2772 748 2815 dicta
773 2773 847 2815 sed
877 2772 1161 2829 Xenophonti
1190 2773 1257 2815 vel
1275 2772 1447 2815 Platoni
1466 2771 1758 2816 attribuenda.

79 2843 332 2888 Consensus
387 2846 699 2903 discipulorum
758 2847 883 2890 nobis
941 2847 1088 2904 potius
1147 2852 1405 2903 argumento
1453 2852 1517 2890 est
1565 2846 1760 2889 sontibus

80 2920 241 2963 nostris
274 2922 579 2965 considendum
615 2938 726 2966 esse.
760 2923 862 2966 Loci
895 2939 1005 2979 quos
1039 2924 1165 2966 affert
1198 2923 1241 2965 hi
1275 2927 1397 2966 sunt:
