2019 3299
1029 172 1085 200 XX

172 318 175 323 .
209 284 395 328 fortasse
436 290 499 328 est
542 284 760 327 sententia
801 289 841 327 et
883 285 1082 328 inaudita
1114 290 1150 327 et
1187 285 1363 328 odiosa!
1399 283 1627 327 Eiusmodi
1662 282 1821 326 iudicio
1854 282 1897 325 in

209 362 443 406 maximam
493 377 560 404 me
610 366 837 404 venturum
887 378 984 404 esse
1028 361 1252 410 invidiam,
1297 361 1382 404 tale
1426 360 1586 404 crimen
1622 358 1727 403 viris
1759 356 1898 400 doctis

208 436 599 480 invidiosissimum
637 436 829 479 futurum
864 452 960 478 esse
995 452 1078 478 non
1114 436 1279 492 ignoro.
1316 435 1361 477 ln
1397 434 1674 491 paragrapho
1707 433 1899 477 secunda

208 512 349 569 quarti
383 511 536 567 capitis
569 512 672 568 (quo
705 511 818 557 vide)
854 528 906 554 ca
934 512 1122 555 diximus
1151 527 1263 568 quae
1293 511 1420 554 nobis
1438 511 1622 553 dicenda
1641 509 1900 552 videbantur

208 587 260 630 de
304 587 384 630 hac
427 591 579 629 nostra
619 586 856 643 impietate.
892 586 1046 643 Itaque
1079 586 1160 629 hoc
1193 586 1286 629 loco
1320 585 1556 628 lectoribus
1590 585 1697 628 haec
1729 588 1898 627 tantum

209 662 411 706 videntur
441 677 467 705 a
501 661 626 704 nobis
659 676 756 704 esse
791 661 1122 718 praecipienda:

269 737 442 782 Veritas
491 742 556 780 est
597 752 729 794 quam
772 737 999 794 explorare
1044 737 1247 779 volumus
1290 736 1412 780 nulla
1443 735 1747 785 admiratione,
1781 734 1903 778 nulla

208 812 430 870 religione,
466 812 588 855 nulla
619 813 781 868 pietate
814 811 1024 868 impediti.
1060 811 1183 862 Quae
1216 811 1253 854 si
1286 816 1572 868 postremum,
1606 809 1904 868 exploratione

209 889 261 933 ad
305 888 434 931 finem
469 887 690 943 perducta,
725 887 996 936 admiranda,
1034 887 1299 936 veneranda,
1332 887 1558 931 adoranda
1590 886 1683 935 erit,
1716 886 1902 929 admira-

209 965 365 1013 bimur,
409 963 729 1012 venerabimur,
762 963 1062 1006 adorabimus.
1098 963 1251 1007 Risum
1282 968 1428 1007 autem
1464 967 1610 1006 movet
1642 977 1901 1019 semperque

209 1039 401 1085 movebit
458 1040 493 1082 is
552 1039 626 1096 qui
673 1039 867 1096 loquitur
914 1040 965 1082 de
1014 1039 1250 1083 immortali
1299 1045 1339 1082 et
1387 1039 1538 1082 divina
1584 1039 1903 1095 pulchritudine

209 1116 395 1160 alicuius
440 1114 588 1171 scripti
632 1130 772 1171 neque
816 1120 965 1158 tamen
1012 1114 1052 1157 id
1087 1119 1362 1171 perspectum
1399 1119 1439 1158 et
1472 1114 1649 1171 penitus
1682 1113 1902 1170 cognitum

210 1193 356 1242 habet,
388 1191 463 1235 sed
497 1190 716 1241 extremis,
751 1196 794 1233 ut
823 1190 992 1240 dicitur,
1022 1190 1168 1247 digitis
1196 1195 1367 1234 tantum
1397 1190 1435 1232 id
1465 1189 1621 1246 attigit.
1650 1189 1732 1240 Qui
1752 1205 1901 1233 verum

210 1273 251 1312 et
278 1266 534 1312 historicum
570 1266 795 1310 Socratem
830 1266 1039 1322 indagare
1070 1267 1174 1317 vult,
1202 1266 1333 1309 simul
1361 1266 1579 1323 inquirere
1606 1265 1734 1309 debet
1759 1265 1904 1323 qualis

210 1344 395 1402 scriptor
437 1343 565 1387 fuerit
607 1342 748 1396 Plato,
792 1348 836 1385 ut
880 1348 994 1385 recte
1038 1342 1233 1399 separari
1267 1342 1404 1398 possit
1437 1341 1539 1398 quid
1571 1341 1772 1398 magistri
1801 1342 1904 1399 quid

210 1419 410 1477 discipuli
443 1418 587 1462 fuerit.
619 1417 718 1468 Qua
749 1417 791 1460 in
821 1417 1119 1474 exploratione
1147 1426 1186 1461 et
1214 1417 1497 1475 inquisitione
1525 1432 1611 1460 non
1630 1418 1904 1467 auctoritate,

211 1513 295 1540 non
331 1496 587 1544 reverentia,
618 1511 703 1538 non
733 1494 956 1550 religione,
987 1511 1072 1538 non
1102 1495 1264 1552 pietate
1291 1494 1574 1538 retinebimur
1600 1494 1837 1551 quominus
1864 1494 1904 1537 id

211 1579 475 1622 statuamus,
506 1572 626 1615 nulla
653 1571 878 1628 scriptoris
899 1571 1250 1621 habitaratione,
1269 1572 1385 1628 quod
1403 1573 1547 1616 Ratio
1564 1570 1690 1614 nobis
1708 1570 1905 1614 suadeat.

267 1650 496 1694 Platonem
530 1663 627 1691 esse
661 1648 944 1704 aliquatenus
978 1647 1244 1691 imitatorem
1279 1652 1318 1690 et
1351 1647 1636 1704 plagiarium!
1670 1645 1907 1690 Accusatio

211 1726 477 1784 gravissima
517 1739 643 1782 quae,
687 1740 742 1767 ne
784 1723 1006 1767 calumnia
1038 1724 1106 1773 sit,
1140 1724 1277 1766 firmis
1311 1723 1583 1779 argumentis
1616 1727 1678 1765 est
1713 1737 1906 1778 compro-

213 1802 370 1846 banda.
414 1801 509 1844 Nos
552 1799 767 1843 nonnulla
804 1804 1067 1855 argumenta
1099 1798 1345 1843 attulimus.
1380 1798 1481 1842 Alia
1514 1803 1616 1842 sunt
1648 1797 1908 1854 inquirenda

212 1883 252 1921 et
300 1876 609 1934 conquirenda.
663 1874 804 1925 Quam
854 1875 908 1917 ob
956 1890 1046 1917 rem
1100 1874 1218 1918 viros
1266 1875 1417 1917 doctos
1465 1888 1673 1930 rogamus
1718 1878 1764 1916 ut
1806 1872 1907 1915 huic

212 1951 474 2011 quaestioni,
516 1965 627 2007 quae
669 1965 695 1993 a
736 1949 864 1992 nobis
903 1965 988 1992 non
1022 1949 1167 1993 soluta
1192 1949 1231 1999 ¹),
1271 1949 1346 1992 sed
1382 1954 1552 1992 tantum
1591 1948 1795 1991 instituta
1827 1952 1907 1997 est,

213 2043 389 2086 operam
423 2027 525 2071 dare
559 2042 644 2069 non
678 2025 978 2091 dedignentur.
1019 2025 1118 2068 Non
1148 2025 1428 2069 recusabunt.
1468 2024 1688 2081 Imprimis
1716 2039 1804 2073 eos,
1833 2023 1907 2080 qui

215 2105 440 2148 Platonem
484 2101 610 2159 quasi
653 2101 871 2158 quendam
917 2101 1043 2143 deum
1089 2100 1449 2158 philosophorum
1489 2100 1673 2143 adorant
1707 2105 1746 2142 et
1781 2114 1906 2142 vene-

214 2185 377 2226 rantur,
420 2178 588 2222 ardenti
631 2176 776 2219 studio
820 2192 918 2219 eum
963 2176 1018 2220 ab
1053 2176 1269 2219 eiusmodi
1303 2175 1547 2231 ignominia
1578 2174 1687 2218 tueri
1720 2179 1759 2217 et
1793 2174 1906 2217 hanc

215 2254 447 2302 maculam,
489 2268 577 2309 qua
617 2267 717 2295 eum
750 2252 932 2308 aspersi,
967 2251 1138 2294 auferre
1159 2251 1268 2294 velle
1302 2251 1514 2307 suspicor.
1549 2250 1743 2293 Primum
1777 2249 1907 2305 igitur

214 2328 562 2386 diligentissime,
594 2333 662 2371 sat
694 2327 798 2377 scio,
834 2327 1106 2383 indagabunt
1139 2333 1179 2370 et
1212 2326 1514 2383 explorabunt‚
1553 2330 1771 2382 quatenus
1804 2339 1909 2367 vera

215 2406 301 2449 sint
342 2404 448 2448 talia
479 2403 663 2446 crimina
693 2408 734 2446 et
765 2402 1095 2446 accuratissime
1129 2402 1457 2457 investigabunt
1492 2416 1604 2458 quae
1636 2400 1746 2444 ratio
1778 2399 1905 2443 inter-

215 2481 339 2524 cedat
380 2479 551 2522 Platoni
593 2494 689 2521 cum
737 2478 834 2521 aliis
878 2477 1164 2534 scriptoribus
1206 2483 1244 2520 et
1280 2477 1420 2533 poetis
1453 2476 1526 2532 qui
1560 2481 1661 2518 ante
1694 2490 1792 2518 eum
1829 2480 1904 2518 aut

216 2556 310 2599 eius
341 2560 484 2598 aetate
518 2555 770 2596 floruerunt.

277 2631 370 2673 Nos
403 2645 588 2686 quoque,
622 2630 672 2668 ἂν
704 2630 799 2677 θεὸς
833 2630 965 2685 ἐθέλῃ,
1000 2627 1217 2670 calculum
1252 2627 1422 2670 adicere
1457 2626 1727 2669 conabimur.

215 2741 472 2784 Scribebam
507 2738 774 2794 Noviomagi
808 2753 958 2781 mense
992 2736 1234 2780 Novembri
1268 2751 1448 2779 Mcuxix.

267 2881 288 2923 ¹)
314 2879 353 2913 ln
376 2882 540 2913 extrema
555 2878 824 2912 dissertatione
839 2878 1065 2921 gravissima
1078 2877 1262 2920 quaestio,
1277 2889 1372 2920 quae
1387 2875 1557 2920 pluribus
1571 2873 1904 2910 dissertationibus

218 2940 439 2983 disputandi
466 2940 657 2974 materiem
684 2940 862 2983 praebere
887 2941 1026 2983 potest,
1052 2939 1226 2973 funditus
1252 2938 1405 2972 tractari
1433 2949 1555 2981 neque
1581 2936 1676 2971 solvi
1700 2937 1857 2980 poterat.
