2019 3299
1061 172 1114 216 16

201 324 204 329 ·
234 300 390 349 κομψὸς
410 323 463 326 ——
483 298 560 350 εἰμὶ
578 322 631 325 --
651 297 748 336 ἀλλὰ
789 298 995 349 συρφετός,
1027 296 1146 337 οὐδὲν
1177 296 1271 336 ἄλλο
1305 297 1525 348 φροντίζων
1557 295 1582 347 ἢ
1613 296 1655 336 τὸ
1687 294 1850 347 ἀληθές,
1880 298 1922 337 et

235 373 374 417 29OD
409 371 494 413 οἷον
526 373 648 425 λέγεις
680 372 916 422 ἄνθρωπον,
947 370 1162 414 exclamat
1197 369 1397 426 Hippias.

297 449 483 505 Hippias
514 463 611 491 cum
647 447 795 503 ignoto
830 447 903 489 illo
937 446 1114 489 homine
1150 473 1199 477 —
1236 446 1375 490 298ss
1404 445 1582 488 totidem
1604 444 1748 488 verbis
1765 443 1923 500 legitur

236 541 334 569 eum
368 540 464 567 esse
497 524 640 580 ipsum
675 522 900 565 Socratem
937 549 985 552 —
1021 521 1245 578 disputare
1278 526 1318 564 et
1350 520 1636 564 confabulare
1662 520 1923 576 dedignatur

236 601 317 644 291
340 600 392 649 A,
426 599 631 643 Socrates
662 602 809 641 autem
843 596 1089 654 respondit:
1123 596 1200 637 ἀλλ’
1221 598 1306 648 ἐμοὶ
1326 596 1446 638 οὐδὲν
1463 605 1625 650 πρᾶγμα
1656 598 1922 648 φύρεσθαι

234 681 333 727 πρὸς
364 677 432 716 τὸν
464 675 698 727 ἄνθρωπον.

295 793 349 836 Et
376 808 472 837 eam
501 808 675 850 quoque
693 792 748 835 ob
767 807 947 835 causam
969 791 1048 834 viri
1067 791 1180 834 docti
1198 790 1371 835 Platoni
1390 791 1472 834 hos
1490 790 1688 846 dialogos
1705 788 1923 834 abiudica-

237 869 412 913 verunt!
448 868 588 911 Nobis
620 867 727 911 talia
757 867 942 910 crimina
974 866 1082 910 nihil
1116 867 1276 910 valent.
1311 866 1473 910 Contra
1505 865 1808 909 contendimus
1835 879 1920 908 non

235 945 428 988 alienum
447 959 544 988 esse
560 959 585 987 a
605 959 707 986 vero
726 943 906 986 Socrate
925 943 1034 986 adeo
1052 942 1239 999 superbe
1257 947 1298 985 et
1314 941 1474 985 rustice
1492 946 1531 985 et
1550 956 1703 998 aspere
1720 940 1923 983 homines

235 1020 427 1077 aggredi,
454 1020 588 1063 immo
607 1019 693 1062 illis
711 1018 817 1062 locis
840 1034 988 1062 verum
1009 1023 1050 1061 et
1067 1018 1338 1066 historicum,
1355 1033 1484 1075 quem
1504 1021 1676 1065 vocant,
1696 1015 1922 1060 Socratem

236 1112 311 1153 per
341 1095 475 1139 rimas
501 1094 819 1151 pulcherrimae
849 1093 985 1137 vestis
1013 1093 1265 1137 Platonicae
1292 1092 1495 1136 dilucere.
1524 1091 1591 1147 Et,
1620 1092 1654 1135 si
1683 1092 1782 1149 quis
1799 1095 1922 1148 rogat

236 1172 353 1215 unde
394 1171 502 1214 illud
543 1170 707 1214 factum
742 1169 796 1212 sit
829 1169 1087 1226 praesertim
1122 1169 1163 1211 in
1199 1168 1266 1211 his
1299 1168 1500 1224 dialogis,
1534 1167 1571 1211 ei
1604 1168 1924 1224 respondemus

235 1247 507 1291 Alcibiadem
552 1251 592 1289 et
626 1245 834 1302 Hippiam
867 1245 1147 1302 aliquatenus
1180 1244 1450 1288 imitationes
1483 1259 1579 1287 esse
1612 1242 1923 1300 Xenophontis

235 1323 510 1379 scriptorum,
555 1322 716 1379 optime
758 1320 890 1377 igitur
929 1320 1020 1363 fieri
1063 1319 1259 1377 potuisse
1292 1325 1338 1363 ut
1370 1319 1512 1369 Plato,
1546 1323 1775 1375 propterea
1807 1318 1922 1375 quod

236 1414 287 1442 ex
329 1398 485 1442 alienis
527 1397 723 1441 fontibus
766 1397 991 1450 hauserat,
1034 1411 1120 1439 non
1153 1411 1282 1438 suum
1317 1395 1543 1438 Socratem
1579 1397 1654 1438 sed
1687 1393 1838 1450 aliqua
1870 1409 1921 1436 ex

236 1480 358 1532 parte
396 1474 769 1531 Xenophonteum
804 1472 845 1515 in
881 1487 1058 1515 scenam
1093 1472 1366 1528 produceret.
1393 1471 1437 1514 Is
1464 1476 1624 1519 autem,
1654 1475 1699 1513 ut
1719 1469 1921 1517 vidimus,

238 1567 323 1594 non
357 1566 529 1605 semper
561 1550 855 1594 urbanitatem
891 1553 1101 1605 tanquam
1137 1548 1263 1591 deam
1297 1547 1482 1592 colebat.

294 1627 380 1670 Sed
413 1627 464 1670 de
498 1627 579 1670 hac
613 1624 856 1668 imitatione
890 1623 1017 1681 plura
1050 1623 1091 1666 in
1126 1623 1280 1666 ultimo
1314 1622 1468 1680 capite.

410 1836 434 1883 ξ
463 1838 499 1872 5.
556 1831 820 1869 SOCRATES
863 1831 923 1867 ET
971 1829 1145 1867 CYNICI
1187 1827 1459 1873 STOlCIQUE
1502 1827 1660 1864 INTER
1707 1827 1765 1863 SE

873 1898 1280 1938 COMPARANTUR.

294 2041 343 2083 In
371 2039 515 2096 spisso
539 2023 617 2081 illo
639 2036 750 2080 libro
781 2035 892 2090 „Der
910 2034 1033 2077 echte
1051 2033 1139 2076 und
1158 2033 1234 2076 der
1251 2029 1646 2087 Xenophontische
1664 2029 1920 2080 Sokrates”‚

237 2119 341 2161 JOEL
382 2115 599 2174 permulta
640 2112 838 2157 attribuit
881 2110 1046 2168 cynicis
1089 2125 1201 2166 quae
1244 2109 1329 2152 iam
1375 2107 1514 2164 ipsius
1557 2106 1753 2150 Socratis
1787 2105 1921 2155 fuere,

238 2208 378 2250 neque
412 2191 548 2235 ullum
585 2188 849 2232 vocabulum
884 2186 951 2230 vel
980 2201 1069 2229 una
1096 2183 1315 2240 sententia
1341 2183 1383 2225 in
1414 2181 1723 2239 Xenophontis
1748 2180 1922 2237 scriptis

237 2269 291 2312 ad
339 2267 564 2311 Socratem
613 2263 932 2321 pertinentibus
976 2260 1165 2304 inveniri
1208 2274 1339 2316 posse
1384 2257 1554 2300 videtur
1595 2272 1708 2314 quae
1751 2271 1837 2299 non
1881 2260 1922 2299 et

238 2343 352 2400 apud
379 2342 607 2385 Platonem
635 2338 834 2382 occurrit.
864 2339 1160 2388 Πολυθρύλητα
1187 2334 1264 2377 illa
1293 2333 1520 2382 vocabula,
1549 2333 1689 2383 ἀσκέω,
1714 2333 1924 2382 ἐπιμέλεια,

238 2419 414 2469 ἀνδρεία,
470 2417 683 2467 ἀνδρίζειν,
738 2416 785 2455 οὐ
843 2413 1140 2464 μαλθακιστέον
1187 2408 1286 2450 εἶναι
1333 2408 1516 2452 Theaet.
1570 2408 1645 2451 151
1670 2407 1718 2456 D,
1765 2406 1858 2450 Alc.
1903 2406 1921 2449 I

243 2493 325 2537 124
354 2493 401 2542 D,
450 2493 665 2545 ἐγκράτεια,
709 2491 908 2540 καρτερία,
953 2502 1065 2544 quae
1113 2488 1285 2541 μαλακίᾳ
1333 2484 1580 2541 opponitur,
1624 2487 1664 2526 et
1707 2481 1921 2526 eiusmodi

241 2567 455 2613 vocabula
494 2565 610 2623 apud
653 2565 882 2608 Platonem
925 2578 1056 2619 saepe
1098 2562 1316 2618 leguntur.
1360 2560 1502 2610 Quam
1545 2559 1722 2602 obrem
1755 2556 1920 2613 gravis-

239 2645 398 2687 simum
432 2642 593 2685 crimen
626 2640 741 2697 quod
770 2644 921 2682 contra
946 2637 1041 2680 Joel
1069 2636 1215 2680 afferri
1243 2641 1385 2692 potest
1412 2635 1495 2677 hoc
1521 2633 1719 2690 estquod
1736 2631 1919 2675 nimium
1981 2662 1986 2665 -

241 2719 428 2775 neglexit
460 2715 707 2761 accuratius
736 2713 1080 2770 Xenophontem
1113 2727 1211 2754 cum
1245 2711 1442 2761 Platone,
1477 2708 1740 2753 urbanitatis
1771 2706 1922 2750 habita

239 2794 422 2842 ratione,
465 2806 733 2847 comparare,
778 2795 823 2833 ut
864 2789 963 2832 inde
1004 2788 1191 2831 eluceret
1236 2786 1431 2830 Socratis
1474 2801 1526 2828 ea
1567 2783 1716 2827 omnia
1747 2782 1921 2839 propria

238 2869 389 2917 fuisse,
433 2867 608 2924 cynicos
642 2870 787 2908 autem
822 2868 1128 2921 praeterquam
1162 2861 1278 2919 quod
1312 2860 1483 2918 placitis
1515 2859 1610 2902 eius
1643 2857 1774 2902 dediti
1806 2858 1919 2900 eius-

239 2946 336 2988 dem
379 2941 682 3001 philosophiae
724 2939 887 2983 aemuli
929 2943 1090 2987 essent,
1136 2937 1271 2980 vitam
1314 2951 1488 2993 quoque
1521 2932 1717 2977 Socratis
1749 2932 1832 2976 sibi
1864 2932 1918 2975 ad
