2019 3299
932 192 1009 234 103

125 325 170 372 τῇ
210 320 341 364 πολεις
386 313 511 356 Plato
553 312 665 356 hanc
706 315 1108 367 comparationem
1148 313 1192 356 in
1225 329 1353 356 suum
1390 328 1516 356 usum
1550 318 1803 356 convertere

127 389 281 446 potuit.
322 390 499 433 Nomen
542 387 700 430 Lichae
739 387 1026 430 transcribere
1069 403 1153 430 non
1197 387 1350 443 potuit.
1391 387 1504 438 Quid
1534 387 1613 431 fit?
1646 387 1804 431 Lichas

120 469 314 508 mutatur
353 463 396 506 in
430 461 798 519 Olympionicum.
833 461 886 505 Et
919 477 1105 518 magnus
1138 462 1280 505 honor
1316 488 1363 492 —
1399 466 1553 505 auctus
1586 462 1717 506 etiam
1750 489 1795 493 —-

120 540 165 583 fit
197 542 345 591 σίτησις
377 540 419 578 ἐν
451 539 674 593 πρυτανείῳ

183 614 312 658 Nunc
338 617 483 656 autem
502 612 678 663 singula
697 612 829 655 verba
845 617 885 656 et
903 613 1160 662 sententias,
1178 613 1317 656 altera
1333 613 1495 663 alteris,
1515 628 1802 669 opponemus,

120 765 248 808 Mem.
282 764 395 808 Xen.
429 765 461 807 I.
495 765 638 807 2:61.
960 767 961 816 ξ
1028 764 1155 821 Apol.
1189 764 1299 807 Plat.
1333 765 1403 808 36.

175 842 391 892 Σωκράτης
462 843 610 894 κόσμον
681 849 725 896 τῇ
787 843 895 881 πόλει
960 836 961 839 ¹
1085 840 1104 880 ὅ
1147 840 1218 890 μὲν
1249 840 1322 892 γὰρ
1355 840 1458 890 ὑμᾶς
1490 844 1593 879 ποῐει
1620 840 1805 890 εὐδαίμο-

118 921 285 968 παρεῐχε.
959 890 961 963 i
1027 933 1098 962 νας
1130 917 1262 955 δοκεῖν
1294 912 1410 965 εἶναι,
1440 915 1513 967 ἐγὼ
1546 914 1587 954 δὲ
1619 911 1732 953 εἶναι.

175 1072 339 1122 πολλῷ
372 1072 562 1118 μᾶλλον
595 1068 620 1119 ἢ
653 1069 790 1119 Λίχας.
958 1068 961 1185 1
1086 1068 1212 1106 πολύ
1269 1081 1315 1118 γε
1362 1069 1552 1116 μᾶλλον
1599 1064 1624 1116 ἢ
1672 1065 1710 1103 εἴ
1750 1080 1805 1111 τις

1030 1142 1234 1192 νενίκηκεν
1261 1139 1533 1192 Ὀλυμπίασιν.

173 1295 298 1345 Λίχας
321 1293 417 1340 ’τοὺς
449 1292 586 1340 ξένους
619 1293 810 1340 ἐδείπνιζε
954 1294 959 1343 Ι
1019 1292 1060 1331 ἐν
1087 1293 1310 1347 πρυτανείῳ
1344 1296 1542 1331 σιτεῖσθαι
1587 1314 1629 1318 —-

173 1445 388 1494 Σωκράτης
419 1443 473 1482 τὰ
506 1442 715 1495 μέγιστα
742 1444 891 1491 πάντας
1076 1443 1253 1482 ἐνταῦθα
1299 1441 1370 1493 μὲν
1417 1442 1490 1482 οὐκ
1521 1438 1573 1496 ᾖα
1606 1437 1645 1480 οἶ
1673 1440 1803 1480 ἐλθὼν

113 1519 204 1566 τοὺς
234 1518 501 1570 βουλομένους
535 1518 686 1569 ὠφέλει.
1022 1519 1115 1569 μήτε
1160 1518 1255 1567 ὑμῖν
1302 1518 1396 1568 μήτε
1447 1517 1601 1571 ἐμαυτῷ
1643 1516 1803 1566 ἔμελλον

1021 1591 1146 1644 μηδὲν
1193 1592 1385 1642 ὄφελος
1433 1588 1549 1641 εἶναι,
1589 1591 1652 1630 ἐπὶ
1686 1589 1727 1630 δὲ
1760 1590 1801 1630 τὸ

1020 1669 1102 1723 ἰδία
1148 1667 1313 1708 ἕκαστον
1359 1667 1430 1707 ἰὼν
1462 1668 1679 1719 εὐεργετεῖν
1712 1666 1802 1716 τὴν

1019 1761 1044 1794 μ
1057 1760 1105 1796 εγ
1118 1745 1163 1782 ίσ
1176 1760 1193 1782 τ
1207 1760 1230 1794 η
1244 1760 1265 1782 ν
1297 1744 1535 1795 εὐεργεσίαν.

170 1898 347 1947 βελτίους
393 1895 466 1947 γὰρ
513 1902 639 1934 ποιῶν
672 1896 763 1940 τοὺς
795 1907 888 1947 συγ·
953 1901 955 1937 ἶ
1079 1894 1282 1945 ἐπιχειρῶν
1314 1892 1478 1932 ἕκαστον
1510 1893 1622 1943 ὑμῶν
1645 1892 1802 1931 πείθειν

110 1971 370 2023 γιγνομένους
405 1969 644 2021 ἀπέπεμπεν.
954 1986 955 1991 ’
1041 2004 1159 2007 ’πῇ
1192 1968 1462 2019 ἐπιμελεῖσθαι
1495 1967 1601 2014 ὁπως
1633 1966 1684 2014 ὡς
1715 1966 1800 2018 βέλ-

955 2053 956 2085 i
1022 2057 1146 2091 τιστος
1178 2043 1244 2083 καὶ
1275 2044 1573 2095 φρονιμώτατος
1605 2043 1741 2082 ἔσοιτο.

172 2195 309 2238 Video
332 2200 374 2238 et
407 2195 546 2238 virum
573 2194 866 2238 clarissimum
896 2194 1160 2237 Schanzium
1188 2193 1259 2235 1.1.
1291 2208 1387 2249 pag.
1420 2192 1502 2236 110
1520 2191 1797 2256 hunciocum

111 2270 492 2314 animadvertisse.
526 2270 626 2313 Non
662 2274 840 2327 possum
875 2274 1023 2313 autem
1058 2269 1094 2312 ei
1128 2268 1347 2317 assentiri,
1383 2268 1543 2325 quippe
1571 2268 1644 2325 qui
1671 2270 1800 2324 longe

112 2345 239 2389 aliter
271 2346 382 2389 hanc
409 2345 740 2389 similitudinem
774 2345 1093 2401 interpretetur.
1128 2343 1379 2387 Arbitratur
1410 2343 1525 2387 enim
1559 2343 1621 2387 sic
1653 2342 1797 2386 Xeno-

113 2421 321 2477 phontem
370 2421 623 2470 reclamare,
671 2425 717 2463 ut
762 2422 824 2463 ita
865 2419 1020 2469 dicam,
1066 2428 1109 2475 τῇ
1137 2421 1177 2459 ἐν
1209 2422 1432 2476 πρυτανείῳ
1469 2422 1628 2471 σίτησει,
1663 2432 1794 2476 quam

114 2496 318 2540 Socrates
346 2495 600 2539 Platonicus
628 2496 711 2538 sibi
738 2495 955 2549 deposcit:
987 2494 1150 2549 „Sollte
1177 2494 1219 2537 in
1247 2494 1389 2538 dieser
1406 2493 1611 2538 scharfen
1630 2493 1798 2550 Gegen-

115 2571 415 2626 uberstellung
466 2570 585 2613 nicht
642 2569 710 2613 ein
764 2570 935 2613 Protest
981 2570 1058 2612 des
1108 2569 1356 2626 Xenophon
1404 2557 1562 2626 gegen'
1593 2568 1660 2611 die
1709 2583 1795 2610 von

112 2645 316 2689 Socrates
349 2645 417 2688 fur
449 2645 541 2689 sich
561 2646 817 2701 beantragte
845 2648 993 2697 σίτησις
1023 2646 1063 2685 ἐν
1084 2654 1131 2699 τῷ
1149 2648 1372 2702 πρυτανείῳ
1392 2644 1618 2688 enthalten
1637 2643 1729 2687 sein
1743 2642 1795 2685 ‘?'’

172 2721 269 2764 Nos
307 2723 626 2764 imitationem
668 2720 1048 2777 deprehendimus.
1094 2719 1195 2763 Non
1229 2719 1346 2763 enim
1380 2719 1499 2763 hisce
1532 2719 1639 2762 locis
1672 2717 1796 2762 dissi-

115 2795 236 2839 milia
275 2797 481 2852 leguntur
518 2795 592 2838 sed
626 2795 800 2839 similia.
838 2795 932 2838 Hoc
962 2795 1094 2851 igitur
1126 2810 1260 2838 unum
1293 2794 1478 2851 pugnari
1511 2798 1667 2851 potest,
1702 2798 1797 2836 uter
1852 2823 1856 2826 -

114 2872 234 2928 prius
282 2872 389 2916 haec
437 2871 670 2929 scripserit,
714 2878 808 2915 uter
850 2872 1044 2916 imitator
1091 2871 1159 2914 sit.
1208 2872 1273 2914 Ex
1314 2870 1536 2914 communi
1569 2869 1688 2912 fonte
1720 2882 1795 2910 eos

115 2946 319 2990 hausisse
349 2971 402 2977 ·—
436 2946 579 3005 ipsum
628 2947 852 2991 Socratem
900 2952 1008 3004 puta
1041 2973 1090 2978 —
1126 2962 1212 2990 non
1245 2947 1475 2991 credimus.
1509 2945 1556 2990 Si
1588 2944 1649 2987 ita
1679 2942 1794 2986 enim
