2019 3299
942 163 993 206 11

131 304 183 332 ex
213 287 326 331 Xen.
360 287 490 330 Mem.
525 286 629 330 Dico
661 286 877 343 imprimis
909 286 1029 330 locos
1061 286 1135 329 ubi
1167 287 1219 329 de
1246 286 1309 330 eis
1335 287 1527 343 loquitur
1553 285 1806 328 hominibus

129 363 203 422 qui
233 363 358 407 aliter
388 367 520 419 atque
551 363 643 418 ipse
676 362 872 405 sentiunt
898 366 939 405 et
968 362 1136 405 vivunt.
1163 362 1348 417 Singula
1375 361 1444 404 hie
1464 358 1806 417 vocabula'quae

128 439 222 483 eius
265 438 684 495 magniloquentiam
727 443 768 481 et
810 438 1109 488 acerbitatem,
1151 438 1245 482 eius
1279 437 1528 495 superbiam
1564 442 1605 480 et
1638 438 1805 480 morda-

127 515 301 558 citatem
333 513 567 563 illustrant,
598 518 638 557 et
666 530 740 558 eos
772 513 946 571 quidem
979 514 1099 557 locos
1132 513 1206 570 qui
1240 513 1418 556 maximi
1451 517 1553 556 sunt
1582 513 1805 562 momenti,

128 605 361 645 congerere
394 589 502 633 satis
535 590 721 634 habebo.

183 665 421 709 Vocabulis
450 681 563 722 quae
595 664 821 708 simillima
854 669 955 707 sunt
987 664 1196 707 conviciis
1230 663 1365 707 utitur
1392 663 1423 706 I.
1458 664 1493 706 1.
1517 664 1557 707 9.
1584 666 1807 715 ὁαιμονᾶυ;

124 741 156 784 I.
192 741 228 784 1.
266 741 315 783 11
350 744 440 789 τοὺς
465 743 747 792 φροντίζοντας
775 741 820 779 τὰ
846 748 1008 780 τοιαῦτα
1037 741 1310 791 μωραίνοντας
1337 740 1590 787 ἀπεδείκνυε;
1620 738 1650 780 Ι.
1688 739 1719 781 l.
1752 739 1804 782 13

124 823 202 865 τοῖς
234 817 486 867 μαινομένοις
517 816 662 867 ὁμοίως
694 818 941 863 διακεῖσθαι;
974 814 1005 858 Ι.
1042 815 1079 857 1.
1116 815 1169 857 16
1196 817 1287 862 τοὺς
1315 813 1352 854 δ’
1386 815 1630 868 ἀγνοοῦντας
1658 815 1805 865 ἀνδρα-

125 894 317 940 ποδώδεις
349 891 398 930 ἂν
432 894 593 939 δικαίως
622 895 852 942 κεκλῆσθαι.

184 967 215 1010 Ι.
253 967 288 1017 1,
324 966 511 1010 18-19.
553 965 703 1010 Stoica
744 965 985 1022 pertinacia
1027 981 1140 1023 quae
1195 965 1309 1009 flecti
1353 965 1501 1022 nequit
1543 965 1804 1021 depingitur.

126 1041 298 1086 Similia
327 1042 532 1098 leguntur
564 1041 693 1085 Mem.
728 1041 802 1085 IV.
837 1041 878 1085 4.
911 1043 952 1085 3.
985 1041 1095 1085 Plat.
1130 1041 1257 1098 Apol.
1292 1042 1348 1084 32
1383 1041 1431 1091 B,
1465 1041 1522 1084 32
1555 1040 1655 1083 CD.

182 1117 317 1161 Nullo
359 1118 488 1161 modo
529 1133 555 1161 a
592 1122 706 1161 recte
749 1117 906 1173 agendi
942 1117 1111 1161 ratione
1146 1117 1299 1161 deduci
1332 1121 1490 1173 potest,
1521 1115 1725 1172 quamvis
1760 1116 1802 1158 in

124 1193 316 1237 maxima
347 1193 542 1250 pericula
573 1193 793 1236 incurrere
825 1192 977 1249 possit.
1011 1191 1241 1236 Obstinate
1274 1196 1314 1235 et
1346 1191 1660 1235 contumaciter
1677 1206 1801 1235 suam

125 1268 209 1312 sibi
242 1267 357 1312 viam
391 1270 451 1313 ire
484 1269 637 1326 pergit.

183 1346 312 1390 Mem.-
345 1347 376 1390 I.
409 1347 450 1390 2.
483 1347 522 1390 6.
557 1345 706 1389 Stoica
736 1345 974 1389 acerbitate
1001 1344 1239 1402 sophistaS,
1269 1348 1499 1402 propterea
1521 1344 1637 1402 quod
1665 1348 1800 1388 artem

240 1421 427 1480 pecunia
457 1421 702 1470 tradebant,
734 1436 887 1464 servos
920 1420 1135 1477 appellat:
1169 1422 1490 1473 ἀνδραποδιστὰς
1523 1422 1684 1462 ἑαυτῶν.

182 1531 310 1574 Mem.
352 1532 386 1574 Ι.
429 1532 469 1575 2.
510 1532 580 1575 32.
625 1531 905 1575 mordacibus
947 1531 1094 1575 verbis
1134 1530 1420 1588 magistratus
1463 1530 1712 1588 perstrinxit
1761 1531 1801 1574 id

239 1607 355 1663 quod
384 1606 718 1650 acerbissimum
743 1606 890 1650 odium
918 1606 1055 1650 movit
1083 1606 1136 1650 cf.
1166 1607 1196 1650 Ι.
1225 1607 1265 1650 Ξ.
1293 1608 1362 1651 35.
1382 1610 1584 1659 Χαρικλῆς
1602 1607 1801 1660 ὀργισθεὶς

239 1684 357 1738 αὐτῳ,
388 1682 489 1726 item
523 1682 555 1725 Ι.
589 1683 628 1725 2.
663 1682 733 1725 38.

179 1759 281 1802 Post
319 1759 498 1803 Critiam
532 1764 573 1802 et
608 1760 802 1816 Anytum
835 1759 989 1803 tertius
1023 1759 1091 1802 hic
1123 1758 1346 1803 Charicles
1380 1764 1472 1804 erat
1504 1758 1572 1803 cui
1606 1758 1801 1803 Socratis

120 1837 229 1888 λόγοι
264 1838 473 1889 βαρύτεροι
510 1841 647 1886 erant,
681 1835 753 1893 qui
787 1837 1007 1890 ἀγριαίνειν
1040 1836 1183 1894 coepit
1216 1842 1256 1880 et
1289 1839 1450 1878 δάκνειν
1483 1841 1664 1894 paratus
1695 1843 1801 1880 erat.

179 1962 308 2006 Mem.
355 1962 388 2006 Ι.
430 1964 471 2012 3,
516 1963 554 2006 7.
597 1962 767 2007 acerbis
810 1962 982 2007 facetiis
1021 1963 1168 2007 irridet
1210 1964 1411 2007 homines
1454 1966 1612 2005 οἴεσθαι
1648 1963 1687 2004 δ’
1723 1966 1800 2016 ἔφη

234 2039 492 2079 ἐπισκώπτων
523 2040 588 2080 καὶ
620 2041 691 2091 τὴν
726 2042 880 2092 Κίρκην
907 2037 952 2088 ὗς
970 2046 1098 2081 ποιεῖν
1116 2043 1309 2089 τοιούτοις
1332 2046 1491 2089 πολλοῖς
1510 2044 1798 2090 δειπνίζουσαν.

176 2147 306 2191 Mem.
355 2148 385 2192 Ι.
433 2150 474 2192 3.
527 2149 712 2192 11-13.
760 2149 834 2206 qui
883 2149 1183 2206 voluptatibus
1222 2150 1416 2207 corporis
1463 2156 1502 2194 et
1544 2149 1798 2195 libidinibus

234 2224 478 2268 succumbit
511 2227 655 2273 δοῦλος
687 2225 807 2268 audit
840 2230 881 2269 et
914 2235 1044 2278 μῶρος
1078 2232 1116 2269 et
1152 2229 1404 2278 μαινόμενος.

173 2333 286 2377 Mem
336 2333 367 2378 I.
401 2337 441 2380 4.
480 2337 514 2379 1.
553 2341 815 2389 κολαστηρίου
849 2339 963 2378 ἕνεκα
997 2354 1129 2395 saepe
1163 2339 1364 2382 homines
1396 2339 1553 2383 acriter
1580 2338 1797 2395 vituperat

233 2415 273 2453 et
306 2411 569 2468 perstringit.

173 2517 302 2561 Mem.
344 2519 375 2569 I,
418 2522 458 2563 5.
500 2521 630 2564 5-6.
674 2536 827 2564 servos
859 2522 1051 2578 appellat
1084 2522 1157 2579 qui
1191 2523 1338 2579 pravis
1371 2523 1650 2580 cupidinibus
1681 2524 1797 2580 capti

230 2598 350 2636 Sunt:
390 2597 595 2636 δουλεύειν
629 2598 814 2636 δουλείαν
847 2599 1037 2648 οὐδεμιᾶς
1070 2593 1186 2649 ἧττον
1221 2600 1397 2651 αἰσχράν.

175 2701 302 2745 Mem.
346 2703 375 2745 l.
409 2705 448 2747 6.
491 2705 648 2749 6—10.
692 2705 918 2762 Optimum
961 2708 1207 2765 exemplum
1251 2708 1446 2753 Socratis
1489 2711 1720 2769 superbiae
1755 2716 1795 2754 et

232 2779 454 2824 vanitatis.
487 2780 636 2825 Semet
669 2782 812 2839 ipsum
847 2783 1068 2827 laudando
1103 2785 1269 2828 extollit
1303 2785 1345 2829 in
1380 2787 1572 2830 caelum!

290 2857 363 2908 ἐγὼ
406 2856 447 2895 δὲ
488 2859 632 2907 νομίζω
678 2860 719 2898 τὸ
759 2859 831 2909 μὲν
873 2862 1043 2911 μηδενὸς
1087 2863 1246 2901 δεῖσθαι
1288 2867 1403 2917 θεῖον
1446 2861 1560 2915 εἶναι,
1592 2866 1632 2904 τὸ
1666 2862 1704 2904 δ’
1742 2864 1792 2911 ὡς

230 2930 438 2983 ἐλαχίστων
471 2932 666 2985 ἐγγυτάτω
694 2941 764 2973 τοῦ
797 2936 914 2975 θείου
948 2939 1023 2975 κτλ.
