2019 3299
1027 172 1108 214 112

174 330 177 334 .
217 295 363 352 petitis
396 294 626 347 (16—17):
659 295 787 344 σοφὸν
820 294 862 334 δὲ
894 302 975 342 πῶς
1003 296 1077 334 οὐκ
1105 294 1154 334 ἄν
1185 313 1241 343 τις
1270 297 1427 343 εἰκότως
1446 296 1573 348 ἄνδρα
1600 298 1766 347 φήσειεν
1792 294 1906 347 εἶναι,

215 370 259 418 ὃς
304 372 342 419 ἐξ
388 372 555 421 ὅτουπερ
597 371 775 419 ξυνιέναι
816 371 861 409 τὰ
901 372 1093 423 λεγόμενα
1134 371 1329 423 ἠρξάμην,
1370 372 1580 412 οὐπώποτε
1622 373 1800 412 διέλιπον
1838 366 1904 412 ναὶ

214 450 339 498 ζητῶν
380 447 445 485 καὶ
485 448 710 497 μανθάνων
752 447 809 486 ὅτι
851 446 1057 498 ἐδυνάμην
1099 446 1282 499 ἀγαθόν;
1314 447 1365 494 ὡς
1398 446 1439 486 δὲ
1472 449 1519 487 οὐ
1553 449 1680 499 μάτην
1714 448 1901 500 ἐπόνουν,

215 523 262 562 οὗ
311 523 426 561 δοκεῖ
470 522 565 571 ὑμῖν
612 522 679 561 καὶ
726 522 816 561 τάδε
863 523 1054 573 τεκμήρια
1097 519 1212 571 εἶναι,
1253 524 1294 562 τὸ
1328 523 1498 570 πολλοὺς
1535 522 1608 572 μὲν
1638 524 1800 572 πολίτας
1826 531 1904 564 τῶν

214 598 352 649 ἀρετῆς
378 597 609 647 ἐφιεμένων,
633 598 806 644 πολλοὺς
833 597 875 636 δὲ
903 597 1026 645 ξένων
1055 598 1095 637 ἐκ
1122 599 1283 637 πάντων
1300 603 1581 649 προαιρεῖσθαι
1601 598 1688 647 ἐμοὶ
1706 602 1904 647 ξυνεῖναις

274 672 404 715 Talia
448 672 580 714 verba
622 687 727 715 vera
766 671 1067 727 indignatione
1111 672 1345 716 trementia
1375 672 1608 716 simulatae
1641 672 1741 716 belli
1773 679 1904 730 atque

214 747 369 791 urbani
403 747 598 791 Socratis
632 748 845 792 Platonici
880 748 1122 792 modestiae
1158 748 1449 805 praeferenda
1481 765 1579 793 esse
1613 765 1786 793 censeo.

285 970 414 1025 516.
478 970 508 1013 Ι.
546 971 615 1013 De
650 970 854 1014 amicis
903 971 1128 1015 Socrati
1177 970 1481 1014 advocatis
1530 975 1580 1013 et
1629 986 1722 1027 pro
1771 986 1829 1014 eo

888 1046 1264 1090 testantibus.

273 1203 318 1246 In
353 1203 480 1259 Apol.
513 1203 626 1246 Xen.
660 1204 715 1247 22
749 1204 961 1260 legimus:
993 1203 1174 1258 Ἐρρήθη
1207 1205 1278 1255 μὲν
1312 1207 1435 1257 δῆλον
1469 1206 1526 1245 ὅτι
1558 1206 1707 1245 τούτων
1740 1206 1904 1245 πλείονα

214 1280 292 1319 ὑπό
324 1296 361 1319 τε
393 1281 519 1320 αὐτοῦ
552 1281 617 1320 καὶ
650 1288 727 1320 τῶν
762 1282 1117 1333 συναγορευόντων
1150 1283 1278 1331 φίλων
1311 1283 1428 1336 αὐτῷ.

272 1355 334 1398 De
368 1355 435 1398 his
469 1371 642 1412 quoque
679 1355 822 1398 verbis
856 1355 1159 1399 controversia
1192 1360 1289 1399 orta
1321 1360 1401 1399 est.

272 1431 401 1487 Apud
449 1430 499 1475 O.
548 1431 604 1475 M.
653 1432 927 1482 FEDDERSEN,
978 1433 1093 1476 Diss.
1141 1433 1252 1476 Jena
1306 1433 1428 1482 1907,
1478 1448 1575 1489 pag.
1623 1433 1681 1476 30
1721 1432 1901 1488 legitur:

216 1510 592 1561 „Euvayopeoovvsg
634 1511 743 1559 φίλοι
787 1524 927 1565 neque
975 1513 1051 1552 aut
1094 1508 1400 1565 deprecatores
1430 1507 1763 1561 (Wilamowitz‚
1796 1507 1905 1565 Bey·

213 1582 382 1639 schlag)
429 1588 505 1627 aut
552 1588 687 1627 testes
736 1585 833 1634 (Ad.
884 1584 1068 1634 Menzelt
1117 1584 1184 1627 vel
1232 1583 1398 1627 similes
1446 1583 1622 1641 quidam
1658 1588 1733 1627 aut
1774 1582 1904 1626 ceteri

212 1658 445 1716 scriptores
479 1658 675 1702 Socratis
708 1659 1029 1716 Apologiarum
1062 1659 1238 1713 (Kaibel
1274 1659 1460 1703 Hermes
1488 1658 1618 1702 XXV
1650 1660 1776 1708 1890,
1803 1660 1904 1706 581)

215 1734 330 1777 velut
357 1734 527 1791 Lysias,
557 1735 848 1785 Theodectes,
875 1735 950 1778 alii
979 1740 1080 1778 sunt
1108 1735 1313 1785 habendi,
1334 1735 1409 1778 sed
1428 1734 1739 1792 Xenophontis
1756 1739 1901 1779 aucto-

212 1827 280 1854 res
310 1811 418 1854 nihil
445 1811 563 1855 aliud
591 1828 722 1869 quam
745 1813 1048 1869 Hermogenes
1067 1812 1308 1856 referentes
1325 1813 1380 1855 ob
1399 1828 1584 1870 eamque
1603 1826 1783 1856 eausam
1803 1826 1899 1854 (zum

211 1901 262 1929 eo
303 1888 658 1932 consentientes’
684 1890 731 1943 ¹).
777 1890 1012 1934 Praeterea
1052 1895 1279 1934 asseverat
1318 1904 1566 1947 „nusquam
1602 1889 1685 1932 hoc
1717 1888 1898 1932 verbum

212 1977 287 2019 pro
320 1963 471 2006 testari
504 1965 546 2007 in
580 1965 742 2008 iudicio
777 1966 1069 2023 usurpatum’'
1098 1981 1145 2009 se
1172 1965 1434 2022 repperisse,
1457 1965 1598 2022 „quod
1619 1964 1749 2020 vulgo
1769 1962 1900 2006 verbo

212 2045 450 2092 συνηγορεῖν
492 2040 789 2097 exprimitur'’.
840 2041 1005 2085 Contra
1037 2057 1150 2098 quae
1182 2041 1291 2085 haec
1323 2040 1564 2084 monenda:
1598 2040 1653 2084 ab
1687 2038 1901 2083 eiusmodi

211 2114 406 2158 novitate
464 2115 807 2173 Xenophontem
863 2132 948 2159 non
1008 2116 1258 2160 abhorrere.
1316 2116 1540 2160 Permulta
1603 2115 1737 2159 verba
1784 2129 1900 2157 nova

212 2194 342 2246 atque
373 2189 574 2234 inaudita
606 2192 722 2249 apud
756 2207 854 2235 eum
889 2192 987 2247 legi.
1017 2192 1065 2235 In
1096 2192 1228 2236 verbo
1255 2195 1540 2245 συναγορεύειν
1558 2206 1692 2234 sensu
1711 2187 1899 2234 testandi

211 2265 342 2308 talem
381 2281 509 2310 usum
543 2282 629 2310 non
663 2283 759 2311 esse
792 2267 1079 2311 inusitatum..
1103 2267 1197 2310 Hoc
1225 2266 1518 2310 demonstrari
1547 2281 1584 2310 e.
1601 2281 1642 2322 g.
1671 2265 1739 2309 his
1766 2264 1896 2308 locis:

212 2341 350 2385 Thue.
384 2343 423 2385 6.
457 2343 521 2392 6.;
555 2344 595 2387 8.
628 2343 698 2387 84.
732 2344 849 2388 Plut.
882 2345 922 2388 2.
956 2345 1039 2388 841
1061 2344 1109 2388 E.
1144 2344 1300 2387 Testes
1334 2349 1480 2388 autem
1514 2348 1556 2387 et
1587 2343 1828 2387 advocatos
1854 2340 1897 2383 in

211 2417 368 2460 iudicio
396 2417 592 2462 adfuisse
621 2419 905 2464 manifestum
935 2436 1031 2464 esse
1058 2435 1111 2463 ex
1137 2420 1245 2463 locis
1272 2419 1560 2477 sequentibus
1579 2418 1621 2461 in
1640 2417 1769 2474 Apol.
1788 2416 1896 2460 Plat.

269 2493 396 2550 Apol.
430 2494 482 2536 21
504 2495 555 2537 A.
605 2496 670 2535 καὶ
702 2499 856 2536 τούτων
889 2497 978 2547 πέρι
1010 2496 1029 2536 ὅ
1063 2497 1234 2546 ἀδελφὸς
1271 2497 1367 2547 ὑμῖν
1400 2496 1526 2535 αὐτοῦ
1560 2493 1749 2535 οὑτοσὶ
1782 2509 1897 2544 μαρ-

211 2571 421 2620 τυρήσει
453 2569 605 2626 (digito
636 2570 907 2625 monstratl),
941 2572 1078 2622 ἐπειδὴ
1112 2572 1260 2619 ἐκεῖνος
1292 2574 1571 2627 τετελεύτηιιεν.

257 2716 283 2756 ¹)
315 2714 458 2756 Quodsi
481 2717 605 2750 autem
632 2717 816 2751 sumimus
840 2722 909 2754 τοὺς
933 2723 1196 2760 συναγορευόντας
1221 2729 1305 2751 esse
1330 2719 1504 2751 auctores
1528 2713 1808 2759 Xenophontis,
1832 2724 1896 2746 eos

211 2786 347 2810 omnes
376 2776 517 2810 amicos
550 2775 667 2810 fuisse
703 2776 953 2820 Hermogenis
974 2789 1130 2812 necesse
1155 2779 1213 2811 est
1231 2796 1273 2800 —
1297 2784 1392 2818 φίλων
1416 2781 1498 2819 αὐτῷ
1523 2791 1564 2804 =
1594 2772 1818 2817 Hermogeni
1842 2792 1894 2810 -,

211 2848 332 2879 neque
367 2848 488 2870 sermo
523 2849 608 2871 esse
643 2839 771 2882 potest
796 2838 841 2872 de
868 2837 994 2872 multis
1019 2838 1237 2872 auctoribus
1262 2837 1328 2872 sed
1355 2837 1400 2871 de
1424 2847 1506 2871 uno
1531 2833 1806 2872 tantummodo,
1830 2833 1896 2867 i.e.

212 2896 256 2931 de
292 2896 540 2940 Hermogene,
571 2897 676 2931 cuius
698 2898 808 2932 amici
833 2898 915 2932 eius
944 2898 1056 2932 verba
1081 2898 1305 2942 probabant,
1332 2897 1367 2932 id
1393 2897 1494 2941 quod
1519 2895 1732 2931 Feddersen
1758 2893 1895 2928 diserte

212 2969 395 3004 exponere
421 2957 592 2992 debebat.

1972 0 2019 327 l
