2019 3299
902 173 955 217 67

93 296 304 339 habitum
338 296 549 338 Socratis
580 299 690 338 (ante
720 299 903 339 imno-es
935 298 1292 350 probabiliorem
1322 300 1543 341 redderet.
1578 296 1625 339 [ct
1657 314 1773 341 nova

96 370 169 412 illa
210 370 412 412 materies
455 370 667 427 imprimis
710 371 973 427 colloquium
1019 376 1109 413 crat
1143 372 1258 427 quod
1293 360 1499 415 Socrates
1531 389 1626 415 cum
1668 373 1771 415 ller-

95 460 275 500 mogeue
323 445 534 488 habuerat
582 451 817 502 antequam
866 461 1045 488 causam
1094 446 1285 489 dicebat:
1330 447 1456 503 Apol.
1505 448 1613 490 Xen.
1659 450 1690 491 l.
1731 450 1771 491 2.

93 520 168 560 ἀλλ’
207 521 262 559 ὅτι
294 521 371 571 ἤδη
403 521 527 575 ἑαυτῷ
561 520 691 572 ἡγεῖτο
728 523 982 572 αἱρετώτερον
1015 519 1116 560 εἶναι
1148 530 1216 561 τοῦ
1250 524 1340 573 βίου
1367 526 1561 573 θάνατον,
1586 531 1699 563 τοῦτο
1727 528 1773 563 οὐ

92 596 394 646 διεσαφήνισαν·
436 597 531 635 ὥστε
572 596 840 647 ἀφρονεστέρα
887 597 1011 636 αὐτοῦ
1053 597 1234 645 φαίνεται
1278 594 1379 636 εἶναι
1426 597 1449 648 ἡ
1498 600 1773 650 μεγαληγορία.

86 669 328 722 (Ερμογὲνης
374 670 505 720 μέντοι
552 669 572 709 ὁ
606 669 840 710 Ἱππονίκου
880 671 1030 722 ἑταῖρός
1072 687 1109 710 τε
1146 667 1195 722 ἦν
1228 672 1332 726 αὐτῷ
1366 672 1430 710 καὶ
1463 672 1656 725 ἐξήγγειλε
1687 673 1775 724 περὶ

93 746 216 785 αὐτοῦ
257 752 430 795 τοιαῦτα,
469 746 565 784 ὥστε
606 745 840 796 πρέπουσαν
880 747 1103 789 φαίνεσθαι
1147 746 1218 797 τὴν
1250 740 1541 799 μεγαληγορίαν
1573 749 1697 787 αὐτοῦ
1729 756 1774 803 τῇ

77 821 250 874 ,διανοίᾳ
280 836 349 859 mv
378 824 406 857 λ,
438 819 601 861 Nostro
635 819 728 862 iure
761 835 862 873 ergo
896 824 1145 862 statuamus
1178 835 1356 863 necesse
1390 825 1455 864 est
1483 837 1534 863 ex
1567 821 1772 864 omnibus

93 893 306 950 apologiis
352 893 393 935 in
446 893 769 950 Xenophontea
815 894 907 937 sola
961 894 1091 937 talem
1142 895 1456 951 praefationem
1507 911 1603 939 esse
1652 912 1772 953 prae-

94 968 290 1012 missam.

155 1044 272 1087 Haec
311 1048 458 1087 autem
504 1044 760 1087 imitationis
798 1045 989 1100 suspicio
1022 1046 1153 1089 etiam
1186 1047 1419 1102 augebitur
1451 1052 1583 1104 atque
1616 1047 1772 1090 confir-

94 1119 283 1162 mabitur
328 1134 425 1161 cum
472 1119 572 1168 alia,
621 1134 732 1176 quae
781 1120 861 1162 hac
907 1119 949 1162 in
998 1136 1042 1162 re
1088 1121 1204 1176 apud
1237 1120 1464 1164 Platonem
1499 1121 1771 1178 displiceant,

95 1194 487 1250 percensuerimus.

151 1269 303 1320 Qualis
351 1274 390 1311 et
423 1269 548 1312 cuius
581 1269 694 1312 modi
727 1285 779 1312 ea
812 1286 912 1326 pars
946 1271 1189 1327 Apologiae
1223 1271 1475 1314 Platonicae
1509 1272 1577 1321 sit,
1613 1271 1653 1314 in
1687 1287 1774 1328 qua

90 1345 142 1388 de
174 1345 392 1388 daemonii
428 1345 740 1388 intercessione
775 1362 917 1389 sermo
951 1346 1020 1393 sit,
1055 1362 1168 1389 nunc
1206 1347 1614 1403 contemplabimur.
1649 1347 1774 1390 Plato

88 1421 217 1477 longe
259 1420 346 1464 alia
388 1425 518 1478 atque
559 1420 735 1464 diversa
767 1421 954 1464 exhibet.
992 1422 1193 1465 Vidimus
1227 1422 1455 1466 Socratem
1489 1422 1685 1466 suaviter
1721 1449 1769 1454 —

88 1502 129 1539 et
161 1495 431 1539 sollemniter
462 1496 530 1538 bic
562 1504 692 1553 atque
727 1497 813 1539 illic
833 1525 882 1527 ›—
908 1513 1005 1540 cum
1039 1497 1256 1541 iudicibus
1289 1498 1577 1542 confabulari.
1611 1498 1769 1541 Mirum

87 1571 189 1628 quid
221 1571 388 1620 accidit,
421 1574 651 1623 θαυμάσιόν
684 1590 719 1612 τι
751 1574 923 1626 γέγονεν.
956 1573 1058 1626 (vid.
1093 1577 1230 1616 lotum
1268 1574 1410 1617 loculll
1443 1574 1500 1618 40
1519 1574 1676 1618 A——4O
1695 1574 1771 1626 C).

147 1647 246 1690 Non
296 1647 549 1703 ignoramus
582 1647 697 1704 apud
730 1647 957 1691 Platonem
992 1649 1042 1691 de
1076 1664 1194 1692 more
1227 1649 1451 1693 Socratem
1486 1665 1507 1692 e
1541 1649 1772 1693 daemonio

88 1727 256 1766 tacente
283 1722 644 1779 approbationem
673 1728 831 1779 petere.
863 1723 953 1766 lllis
980 1728 1142 1767 autem.
1172 1740 1281 1781 quos
1303 1724 1532 1768 attulimus
1551 1724 1657 1768 locis
1677 1741 1711 1768 e.
1731 1741 1771 1781 g.

88 1797 227 1840 Alcib.
288 1798 384 1846 103,
447 1799 526 1841 105
555 1797 588 1839 E
635 1798 737 1844 (vid.
787 1813 871 1854 pag
918 1799 1002 1850 51),
1051 1799 1221 1842 Socrati
1270 1804 1310 1842 et
1361 1799 1547 1843 faciendi
1597 1805 1637 1842 et
1685 1815 1770 1843 non

88 1872 275 1916 faciendi
307 1871 433 1929 copia
465 1877 571 1916 erat.
606 1872 736 1915 Nunc
770 1873 851 1915 bac
884 1889 1058 1930 quoque
1092 1873 1133 1916 in
1169 1889 1213 1917 re
1246 1873 1341 1916 eius
1374 1874 1594 1918 sententia
1623 1874 1773 1918 nititur

87 1947 316 1991 daemonio
351 1964 435 1991 non
469 1948 710 1991 resistente.
745 1948 801 1991 At
834 1948 871 1991 ei
899 1955 974 1992 aut
1008 1949 1210 1992 veniendi
1245 1949 1286 1992 in
1316 1949 1523 1993 iudicium
1553 1955 1626 1993 aut
1656 1951 1771 1993 domi

88 2022 293 2066 manendi
342 2023 569 2066 arbitrium
620 2039 702 2066 non
762 2023 848 2067 iam
895 2023 1082 2067 liberum
1135 2029 1242 2068 erat.
1291 2024 1339 2068 Si
1387 2040 1471 2068 non
1521 2025 1562 2067 in
1612 2025 1771 2068 iudicio

88 2097 314 2146 adfuisset,
349 2113 400 2140 eo
432 2098 573 2154 magis
605 2098 839 2141 damnatus
871 2103 999 2147 esset,
1034 2098 1069 2141 si
1104 2115 1189 2141 non
1224 2099 1266 2142 in
1297 2099 1486 2143 tribunal
1504 2100 1772 2144 escendisset

89 2189 228 2231 neque
250 2173 492 2216 orationem
510 2172 704 2223 dixisset,
725 2189 774 2216 eo
794 2174 934 2229 magis
949 2174 1182 2217 damnatus
1195 2179 1324 2217 esset.
1342 2175 1538 2218 Debebat
1556 2175 1596 2218 in
1616 2175 1773 2218 iudicio

87 2249 257 2298 adesse,
290 2247 544 2291 defensione
579 2248 863 2304 supersedere
891 2264 976 2292 non
1007 2249 1160 2305 potuit.
1195 2249 1325 2292 Nunc
1358 2255 1505 2293 autem
1538 2250 1773 2294 audiamus

86 2322 508 2379 argumentationem
534 2338 666 2380 quam
695 2323 900 2367 Socrates
930 2323 1183 2367 Platonicus
1211 2324 1340 2367 nobis
1368 2325 1632 2368 audiendam
1651 2341 1770 2381 prae-

88 2398 171 2441 bet.
202 2397 489 2441 Daemonium
506 2413 605 2440 eum
623 2413 710 2440 non
730 2397 913 2441 detinuit
933 2414 1072 2455 neque
1093 2398 1314 2455 prohibuit
1334 2414 1475 2456 neque
1494 2399 1771 2443 dehortatum

88 2477 174 2517 est:
209 2474 294 2525 ἐμοὶ
326 2473 368 2514 δὲ
400 2475 488 2514 οὔτε
521 2475 661 2522 ἐξιόντι
694 2475 821 2514 ἕωθεν
849 2477 1012 2515 οἴκοθεν
1040 2475 1274 2527 ἠναντιώθη
1302 2477 1343 2515 τὸ
1373 2483 1441 2515 τοῦ
1471 2481 1571 2515 θεοῦ
1598 2482 1775 2527 σημεῖον,

88 2549 177 2590 οὔτε
221 2548 341 2601 ἡιίκα
384 2549 600 2602 ἀνέβαινον
647 2550 843 2590 ἐνταυθοῖ
886 2551 947 2590 ἐπὶ
995 2552 1036 2590 τὸ
1086 2553 1358 2602 δικαστήριον,
1399 2549 1475 2591 οὔτ’
1515 2551 1555 2591 ἐν
1587 2559 1638 2606 τῷ
1670 2554 1771 2608 λόγῳ

89 2625 269 2675 οὐδαμοῦ
316 2624 496 2675 μέλλοντί
543 2641 572 2663 ει
615 2624 717 2674 ἐρεῖν
748 2642 781 2664 κ.
800 2642 829 2664 τ.
847 2630 878 2664 λ.
923 2624 1185 2681 Suspicatur
1231 2639 1338 2681 ergo
1370 2625 1574 2668 Socrates
1609 2625 1771 2669 bonum

88 2698 253 2756 aliquid
284 2697 366 2741 sibi
398 2703 659 2741 eventurum
692 2714 804 2742 esse.
840 2702 1078 2739 Κινδυνεύει
1110 2702 1183 2752 γάρ
1216 2717 1283 2750 μοι
1310 2704 1351 2740 τὸ
1383 2702 1630 2753 ξυμβεβηκὸς
1657 2709 1771 2742 τοῦτο

89 2773 244 2826 ἀγαθὸν
270 2775 488 2827 γεγονέναι,
512 2776 577 2814 καὶ
604 2776 677 2815 οὐκ
709 2773 796 2814 ἔσθ’
820 2776 924 2822 ὅπως
942 2774 1053 2826 ἡμεῖς
1071 2774 1204 2825 ὀρθῶς
1222 2776 1575 2828 ὑπολαμβάνομεν,
1591 2777 1676 2816 ὅσοι
1693 2778 1771 2816 οἰό-

89 2853 194 2891 μεθα
222 2850 346 2888 κακὸν
378 2846 479 2889 εἶναι
514 2850 555 2889 τὸ
586 2851 789 2889 τεθνάναι.
818 2848 989 2891 Etenim
1018 2848 1054 2891 si
1084 2848 1247 2892 malum
1266 2848 1368 2906 quid
1388 2849 1582 2898 instaret,
1601 2850 1771 2894 daemo-

92 2922 208 2965 nium
236 2938 334 2965 eum
361 2923 612 2966 retinuisset
640 2939 692 2967 ne
719 2924 867 2972 exiret,
898 2939 1007 2967 neve
1038 2925 1170 2967 verba
1193 2924 1366 2968 faceret.
1386 2924 1458 2967 Sic
1476 2925 1590 2967 enini
1612 2924 1769 2982 pergit:
