2019 3299
891 201 946 243 43

76 324 223 381 magni
265 323 474 367 momenti
515 324 637 367 locus
674 323 716 366 in
749 322 877 379 Apol.
911 322 1023 366 Xen.
1061 322 1115 365 14
1137 323 1227 376 ''Ays
1260 324 1309 374 δὴ
1341 324 1534 364 ἀκούσατε
1560 325 1626 363 καὶ
1658 325 1755 363 ἄλλα

74 403 139 441 ἴνα
183 401 235 441 ἔτι
281 405 427 452 μᾶλλον
473 401 514 440 οἵ
556 401 793 452 βουλόμενοι
831 400 944 450 ὑμῶν
985 400 1178 439 ἀπιστῶσι
1219 408 1268 454 τῷ
1311 399 1375 450 ἐμὲ
1411 404 1645 450 τετιμῆσθαι
1676 400 1755 439 ὑπὸ

76 478 351 528 δαιμόνων.
387 475 446 517 De
480 474 713 518 daemonio
746 489 891 517 sermo
924 478 1015 518 erat
1042 473 1156 531 quod
1184 488 1210 517 a
1238 473 1318 516 deo
1338 473 1455 516 veuit
1476 472 1547 527 (cf.
1571 473 1634 516 12.
1659 473 1754 527 13.).

75 555 285 597 Daemon
325 553 401 595 ille
441 551 602 605 Apollo
638 552 725 604 est3
758 550 912 590 ἀνεῖλεν
944 549 964 590 ὅ
999 550 1203 589 Ἀπόλλων.
1236 548 1284 591 In
1317 548 1573 592 universum
1607 553 1753 592 autem

73 626 320 683 Apollinem
354 641 451 669 esse
484 624 698 681 imprimis
731 625 859 668 deum
892 624 1016 667 ouius
1049 623 1186 667 tutela
1228 628 1268 666 et
1301 623 1510 667 beneficio
1546 627 1666 667 vates
1702 650 1752 654 —

73 702 185 745 inter
224 717 348 758 quos,
391 687 490 744 etsi*
514 715 600 743 non
645 699 846 757 publicus
885 704 1007 743 vates
1040 703 1145 749 erat,
1179 698 1383 742 Socrates
1416 714 1589 756 quoque
1622 697 1755 741 nomi-

73 777 245 820 nandus
293 780 358 819 est:
397 803 447 807 —
480 775 629 819 futura
675 775 872 819 divinare
922 779 1119 832 possunt,
1168 775 1291 818 docet
1326 774 1553 818 Phaedrus
1585 774 1670 817 265
1689 773 1754 823 B„

69 852 261 904 μαντικὴν
293 868 364 903 μεν
395 852 608 891 ἐπίπνοιαν
644 853 881 899 Ἀπόλλωνος
913 851 1064 898 θέντες.

130 926 211 969 His
257 925 364 969 loeis
406 925 660 983 praemissis
702 927 773 978 τὴν
806 928 1000 978 μαντικήν
1034 925 1146 969 idem
1181 941 1277 969 esse
1310 929 1441 982 atque
1473 924 1752 969 daemonium

72 1001 249 1045 Phaedo
281 1001 391 1045 8513
424 1016 653 1045 sumamus
685 1016 865 1045 neeesse
898 1005 986 1045 est:
1020 999 1097 1041 ἀλλ’
1138 1003 1216 1053 ἅτε,
1247 999 1369 1053 οἶμαι,
1400 1009 1486 1042 τοῦ
1521 1002 1755 1041 Ἀπόλλω»

71 1094 157 1125 νος
199 1077 342 1125 ὄντες
383 1079 567 1128 μαντικοί
596 1094 634 1118 τε
676 1079 749 1118 εἱσι
781 1078 846 1118 καὶ
877 1080 1103 1129 προειδότες
1131 1079 1176 1118 τὰ
1208 1077 1411 1118 ἐν”Αιδου
1443 1078 1580 1130 ἀγαθὰ
1612 1078 1755 1131 ᾄδουσι

69 1153 107 1207 (e
153 1151 385 1196 daemonio
431 1156 602 1196 tacente
650 1152 856 1196 Socrates
904 1152 1174 1196 intellexerat
1221 1156 1402 1196 mortem
1451 1152 1612 1195 bonum
1656 1166 1755 1194 esse

70 1227 248 1285 aliquid)

71 1307 273 1346 κύκνων
319 1305 386 1345 καὶ
431 1307 568 1358 ἱερὸς
615 1312 703 1345 τοῦ
750 1306 911 1346 αὐτοῦ
959 1310 1112 1356 θεοῦ,
1155 1305 1220 1344 καὶ
1263 1312 1319 1345 οῦ
1358 1305 1507 1356 χείρω
1541 1304 1752 1344 ἐκείνων

448 1230 522 1284 ἐγὼ
555 1229 693 1270 δὲκαὶ
725 1229 1046 1281 αὐτὸςὴγοῦμαι
1079 1229 1377 1282 ὃμόὸουλός
1408 1245 1454 1269 τε
1487 1225 1627 1269 εἶναι
1659 1235 1753 1267 τῶν

71 1380 159 1431 τὴν
206 1381 463 1433 μαντικὴν
508 1382 609 1433 ἔχειν
655 1381 792 1432 παρὰ
839 1387 930 1420 τοῦ
974 1379 1288 1427 ὃεσπότουῙ)
1324 1379 1418 1420 οὐδὲ
1450 1380 1753 1431 δυσθυμότερον

69 1456 201 1496 αὐτῶν
245 1463 315 1496 τοῦ
361 1457 452 1509 βίου
498 1456 829 1498 ἀπαλλάττεσθαι.
868 1454 1044 1512 Utique,
1084 1459 1129 1498 ut
1171 1454 1324 1499 Maieri
1357 1453 1503 1498 verbis
1537 1458 1752 1510 utar‚'per

69 1529 347 1574 daemonium
385 1536 525 1575 artem
559 1530 886 1575 vaticinationis
924 1546 951 1574 a
983 1530 1163 1575 Socrate
1196 1530 1386 1574 exerceri
1418 1533 1602 1573 constat.
1635 1528 1753 1572 Vati-

71 1605 185 1649 cinia
226 1621 338 1663 quae
382 1607 463 1651 deo
506 1607 532 1650 i.
566 1622 601 1650 e.
635 1606 866 1650 daemonio
899 1606 1037 1650 fretus
1070 1606 1216 1655 edidit,
1248 1606 1437 1662 legimus
1469 1605 1579 1649 Plat.
1612 1604 1753 1648 Aleih.

76 1680 159 1724 124
177 1680 223 1724 C.
259 1681 288 1738 ᾧ
322 1681 402 1738 (so.
436 1670 516 1726 deo
550 1682 618 1725 vel
649 1681 881 1726 daemonio
916 1697 1001 1725 non
1035 1681 1120 1726 iarn
1155 1681 1430 1739 prohibente)
1462 1682 1527 1721 καὶ
1558 1683 1755 1721 πιστεύων

69 1756 180 1809 λέγω,
226 1758 282 1797 ὅτι
329 1757 352 1810 ἡ
395 1759 608 1809 ἐπιφάνεια
642 1757 686 1798 δι’
727 1758 892 1805 οὐδενὸς
934 1758 1054 1798 ἄλλον
1095 1771 1156 1797 σοι
1199 1759 1304 1797 ἔσται
1339 1757 1364 1810 ἢ
1406 1755 1452 1797 δι’
1488 1758 1595 1808 ἐμοῦ.
1628 1755 1752 1799 Alios

72 1831 191 1875 locos
238 1832 397 1887 (Alcib.
447 1833 582 1877 127E
630 1833 813 1877 Theaet.
864 1832 946 1875 142
964 1832 1009 1876 C.
1039 1833 1089 1882 D,
1137 1832 1320 1877 Phaedr.
1367 1833 1454 1876 278
1481 1832 1529 1876 Ε.
1578 1832 1662 1875 279
1680 1830 1753 1885 A.)
1810 1859 1814 1861 -

71 1911 224 1964 postea
251 1908 550 1953 tractabimus.

111 2137 136 2184 ξ
169 2139 205 2174 6.
260 2137 563 2183 QUAERITUR
592 2138 1011 2176 DEHORTETURNE
1041 2139 1257 2177 TANTUM
1289 2139 1600 2177 DAEMONIUM
1629 2139 1698 2175 AN

627 2217 787 2253 ETIAM
817 2216 1184 2254 ADHORTETUR.

129 2364 177 2407 In
220 2365 348 2422 Apol.
382 2365 495 2409 Xen.
532 2366 584 2409 12
618 2366 821 2410 universe
859 2366 1014 2411 dicitur
1045 2367 1326 2411 daemonium
1359 2367 1616 2411 denuntiare
1647 2367 1750 2424 quid

68 2438 316 2484 faciendum
360 2441 429 2490 sit,
477 2444 728 2494 σημαίνουσα
776 2444 833 2483 ὅτι
880 2445 950 2496 χρὴ
998 2450 1139 2484 ποιεῖν.
1191 2444 1351 2501 Utique
1384 2443 1526 2500 magis
1558 2444 1750 2487 suadens

69 2514 151 2558 hoc
197 2521 325 2560 sonat
371 2532 502 2573 quam
550 2517 827 2569 dissuadens,
874 2534 1141 2576 quamquam
1201 2520 1243 2562 in
1291 2524 1519 2576 utramque
1566 2526 1748 2575 partem,

68 2591 243 2646 vetandi
289 2596 329 2635 et
377 2591 552 2636 iubendi
599 2609 747 2645 sensu,
796 2594 903 2638 haee
946 2595 1080 2638 verba
1116 2595 1371 2658 accipienda
1402 2611 1499 2639 esse
1536 2595 1747 2638 videntur.

69 2665 117 2709 In
164 2665 295 2710 Mem.
342 2667 375 2711 Ι.
426 2668 463 2711 1.
506 2668 546 2711 4.
589 2668 660 2723 (cf.
704 2668 734 2714 I.
776 2670 816 2713 4.
866 2670 939 2720 15;
981 2670 1056 2713 IV.
1104 2672 1146 2714 3.
1195 2671 1269 2720 13;
1303 2670 1378 2714 IV.
1412 2671 1453 2715 8.
1490 2671 1544 2725 1.)
1575 2670 1748 2714 disertis

68 2741 212 2785 verbis
245 2741 433 2798 legimus
465 2744 746 2788 daemonium
772 2748 1062 2798 προσημαίνειν
1089 2747 1134 2786 τὰ
1159 2746 1231 2798 μὲν
1256 2752 1399 2799 ποιεῖν,
1415 2748 1460 2787 τὰ
1479 2747 1590 2799 δὲμὴ
1608 2752 1748 2787 ποιεῖν.

126 2816 290 2861 Contra
322 2817 526 2862 Socrates
554 2819 806 2864 Platonicus
829 2826 1051 2865 asseverat
1074 2837 1246 2878 semper
1262 2822 1483 2866 dehortari
1507 2837 1747 2879 numquam

113 2972 137 3015 ¹)
163 2971 257 3007 Illud
284 2977 371 3017 παρὰ
396 2982 454 3006 τῶν
482 2980 564 3006 θεῶν
590 2973 662 3008 huc
689 2973 776 3008 facit
799 2975 897 3018 quod
920 2974 1058 3018 legitur
1076 2974 1234 3010 Phaedr.
1252 2975 1318 3011 279
1332 2976 1372 3010 Β,
1393 2977 1502 3011 Meni.
1523 2975 1752 3011 Xen.11,6.8
