2019 3299
1022 160 1105 203 138

279 285 486 339 Saepius
532 287 680 326 autem
729 281 955 325 Socratem
1006 286 1150 325 vatem
1194 282 1415 325 exstitisse
1452 282 1578 326 docet
1611 298 1692 326 nos
1723 283 1906 327 Theaet.

225 360 306 403 142
339 359 438 408 CD,
472 359 595 402 locus
628 357 785 414 dignus
817 372 946 414 quem
981 357 1159 414 propius
1191 362 1233 401 et
1269 358 1519 402 accuratius
1552 357 1842 415 aspiciamus:

279 436 357 475 Καὶ
397 438 495 487 δῆτα
536 437 777 488 προπέμψας
809 435 946 485 αὐτόν,
977 434 1108 474 ἀπιὼν
1139 435 1260 473 πάλιν
1292 434 1560 486 ἀνεμνήσθην
1596 435 1662 474 καὶ
1694 435 1907 486 ἐθαύμασα

219 512 472 563 Σωκράτους,
517 510 568 559 ὡς
614 516 870 561 μαντικῶς
919 508 1042 548 ἄλλα
1089 525 1136 549 τε
1173 509 1231 560 δὴ
1274 495 1386 549 εἷπε
1427 510 1515 549 καὶ
1554 510 1669 562 περὶ
1709 512 1906 551 τούτου.

218 587 332 626 δοκεῖ
370 587 444 639 γάρ
494 602 562 636 μοι
608 584 742 638 ὀλίγον
787 585 864 636 πρὸ
910 591 981 624 τοῦ
1021 585 1205 624 θανάτου
1245 584 1421 636 ἐντυχεῖν
1454 585 1559 639 αὐτῷ
1592 586 1780 641 μειρακίῳ
1813 584 1910 636 ὄντι,

218 661 284 701 καὶ
326 662 616 714 συγγενόμενός
662 676 702 700 τε
743 660 806 700 καὶ
842 659 1065 711 διαλεχθεὶς
1099 661 1209 699 πάνυ
1244 659 1479 712 ἀγασθῆναι
1510 660 1636 699 αὐτοῦ
1669 660 1740 711 τὴν
1773 662 1910 711 φύσιν.

218 738 286 776 καί
325 753 390 787 μοι
432 737 592 777 ἐλθόντι
630 737 822 787 Ἀθήναζε
855 737 946 783 τούς
979 751 1017 775 τε
1047 736 1190 788 λόγους
1224 734 1294 783 οὓς
1327 736 1511 787 διελέχθη
1543 736 1649 791 αὐτῷ
1682 737 1913 789 διηγήσατο,

218 812 283 851 καὶ
329 813 432 863 μάλα
478 812 613 861 ἀξίους
660 812 795 863 ἀκοῆς,
834 808 917 851 εἶπέ
945 827 982 851 τε
1016 812 1073 851 ὅτι
1104 819 1212 850 πᾶσα
1245 811 1401 864 ἀνάγκη
1435 812 1495 862 εἴη
1528 818 1669 851 τοῦτον
1698 811 1907 864 ἐλλόγιμον

216 887 420 940 γενέσθαι,
450 888 556 939 εἴπερ
590 888 644 935 εἰς
676 885 835 938 ἡλικίαν
867 886 993 926 ἔλθοι.

278 960 491 1005 Videmus
525 976 656 1018 saepe
694 960 918 1005 divinasse
951 960 1099 1004 futura
1136 959 1363 1004 Socratem
1399 966 1440 1002 et
1472 959 1634 1016 optime
1666 960 1910 1017 comparari

220 1053 349 1094 posse
397 1038 505 1081 haec
553 1037 688 1081 verba
719 1052 817 1080 cum
850 1036 946 1080 loco
978 1036 1020 1079 in
1055 1036 1183 1093 Apol.
1217 1035 1330 1079 Xen.
1363 1037 1434 1084 30,
1469 1043 1509 1078 et
1542 1035 1604 1079 ita
1640 1035 1829 1092 quidem,
1863 1041 1908 1079 ut

217 1112 410 1170 suspicio
438 1112 606 1157 oriatur
630 1112 861 1156 Platonem
889 1112 926 1154 si
954 1127 1039 1154 non
1060 1111 1277 1155 imitatum
1297 1126 1395 1154 esse
1415 1111 1549 1154 verba
1565 1110 1693 1161 Xen.,
1712 1115 1906 1155 attamen

217 1205 269 1233 ea
288 1189 498 1233 memoria
515 1188 765 1232 retinuisse.
790 1188 934 1231 Isdem
953 1187 1068 1231 enim
1089 1187 1179 1230 fere
1199 1186 1428 1230 vocabulis
1446 1191 1628 1230 utuntur
1649 1186 1908 1243 scriptores:

220 1267 259 1319 1)
308 1267 416 1315 ἔδοξε
465 1291 515 1297 -
566 1268 686 1315 δοκεῖ,
734 1265 775 1310 2)
821 1266 896 1318 γὰρ
932 1290 981 1296 —
1017 1266 1105 1318 γὰρ,
1137 1265 1180 1316 3)
1213 1265 1484 1317 συνεγενόμην
1518 1289 1570 1294 -
1604 1264 1908 1317 συγγενόμενος,

215 1341 259 1396 4)
290 1342 437 1395 βραχέα
460 1340 661 1394 -ὀλίγον
692 1342 768 1393 πρὸ
796 1348 865 1381 τοῦ
897 1342 1081 1381 θανάτου
1103 1342 1170 1390 -’,
1190 1341 1230 1388 5)
1265 1340 1372 1388 ἔδοξέ
1404 1356 1470 1391 μοι
1502 1340 1576 1380 οὐκ
1607 1339 1806 1392 ἄρρωστος
1836 1339 1908 1390 τὴν

216 1418 353 1469 ψυχὴν
387 1414 487 1456 εἶναι
518 1440 575 1446 -
606 1418 714 1456 πάνυ
747 1417 980 1469 ἀγασθῆναι
1012 1417 1136 1456 αὐτοῦ
1169 1417 1241 1469 τὴν
1273 1420 1409 1466 φύσιν.

278 1492 407 1549 Apud
455 1490 684 1535 Platonem
731 1491 1008 1535 mirationem
1051 1495 1195 1534 movet
1238 1490 1344 1534 illud
1379 1493 1498 1540 δοκεῖ,
1531 1505 1607 1546 pro
1640 1493 1756 1532 certo
1789 1488 1905 1532 enim

222 1567 404 1617 sciebat,
433 1572 480 1610 ut
506 1567 674 1624 opinor.
705 1567 798 1610 Hoc
824 1567 956 1623 igitur
985 1566 1216 1623 vestigium
1244 1573 1284 1609 et
1302 1565 1509 1609 indicium
1529 1570 1594 1609 est
1611 1563 1907 1608 imitationis?

277 1642 385 1687 Utut
426 1659 496 1687 res
539 1658 586 1686 se
619 1643 765 1689 habet,
799 1643 908 1686 satis
941 1658 1159 1699 superque
1192 1642 1320 1685 nobis
1354 1641 1552 1684 videmur
1583 1642 1909 1683 demonstrasse

219 1719 328 1762 nihil
352 1719 455 1762 novi
481 1734 623 1776 neque
648 1719 846 1762 inusitati
869 1718 1016 1762 inesse
1045 1717 1347 1761 vaticinationi
1366 1716 1561 1760 Socratis
1579 1715 1905 1772 Xenophontei.

216 1796 300 1849 An,
334 1800 379 1838 ut
413 1794 626 1838 KAIBELro
659 1794 861 1851 placeret,
899 1793 1069 1850 opinor,
1103 1793 1245 1835 solum
1279 1808 1332 1836 ea
1364 1791 1574 1836 vaticinia
1605 1791 1731 1834 edere
1758 1790 1904 1833 debuit

216 1870 435 1920 Socrates,
469 1886 581 1926 quae
614 1869 806 1913 iucunda
836 1868 1010 1926 cognitu
1045 1873 1176 1926 atque
1208 1868 1360 1911 auditu
1398 1867 1580 1911 essent?
1612 1865 1772 1917 Qualia
1803 1871 1905 1909 sunt

215 1946 331 2002 apud
364 1945 616 1989 Platonem!
651 1945 739 1988 Sed
772 1960 912 2002 neque
940 1940 1288 2000 uniuscuiusque
1312 1941 1607 1987 adulescentis
1625 1941 1716 1985 vita
1732 1940 1903 1984 felicem

216 2021 377 2064 exitum
427 2021 572 2071 habet,
616 2036 758 2078 neque
805 2036 907 2077 ergo
950 2020 1154 2064 Socrates
1196 2035 1369 2076 semper
1400 2034 1453 2062 ea
1483 2017 1731 2076 praedicere
1764 2017 1904 2073 potuit

215 2112 328 2154 quae
359 2097 413 2140 ad
445 2097 714 2141 audiendum
747 2102 874 2154 grata
905 2103 1066 2141 essent.

607 2328 631 2375 §
662 2330 724 2367 23.
781 2329 846 2365 DE
875 2328 1172 2367 NONNULLIS
1204 2330 1503 2367 VOCABULIS.

277 2487 315 2541 1)
346 2487 409 2531 De
444 2487 586 2531 verbis
619 2502 731 2545 quae
762 2492 865 2532 sunt
895 2489 1156 2541 ἀποκτείνειν,
1187 2490 1475 2546 ἀποθνῄσκειν.

215 2629 345 2686 Apol.
378 2629 492 2673 Xen.
526 2629 567 2673 4.
1122 2631 1250 2688 Apol.
1284 2631 1396 2675 Plat.
1434 2631 1493 2675 38
1510 2631 1555 2676 C.

274 2703 356 2757 οὐχ’
410 2705 502 2760 ὁρᾷς
545 2707 590 2745 τὰ
627 2709 850 2758 Ἀθηναίων
884 2710 993 2746 δικα-
1181 2707 1305 2758 ὄνομα
1338 2707 1437 2756 ἕξετε
1468 2708 1534 2747 καὶ
1560 2709 1691 2747 αἰτίαν
1719 2709 1796 2748 ὑπὸ
1823 2715 1899 2747 τῶν

215 2782 353 2832 στήρια
410 2780 461 2828 ὡς
516 2783 703 2828 πολλάκις
755 2781 826 2832 μὲν
873 2781 993 2822 οὐδὲν
1121 2784 1380 2835 βουλομένων
1427 2784 1497 2833 τὴν
1540 2784 1654 2823 πόλιν
1691 2784 1902 2835 λοιδορεῖν,

215 2858 455 2904 ἀδικοῦντας
541 2858 641 2912 λόγῳ
722 2858 993 2909 παραχθέντες
1122 2858 1173 2905 ὡς
1208 2860 1404 2909 Σωκράτη
1447 2858 1790 2909 ἀπεκτόνατε,
1829 2857 1898 2896 ἅν-

222 2932 540 2971 ἀπέκτειναν
581 2948 612 2971 κ.
633 2949 660 2971 τ,
680 2937 709 2971 λ.
1056 2976 1059 2982 ¹
1125 2936 1199 2986 δρα
1234 2935 1374 2983 σοφόν.
