2019 3299
892 223 945 265 81

75 351 216 402 πότερα
249 352 346 390 θεόν
389 363 430 390 σε
461 351 556 390 εἴπω
589 350 613 401 ἢ
646 350 880 400 ἄνθρωπον.
913 349 977 400 ἐμὲ
1011 349 1053 388 δὲ
1088 354 1168 403 θεῷ
1202 349 1273 398 μὲν
1298 349 1370 388 οὐκ
1398 349 1572 398 εἴκασεν,
1598 348 1755 397 ἀνθρώ-

74 442 159 466 πων
190 425 232 465 δὲ
265 430 392 480 πολλῷ
427 425 663 475 προέκρινεν
696 425 948 475 ὑπερφέρειν.

134 499 198 542 Ex
242 499 463 542 Herodoto
500 499 530 542 I.
578 500 633 542 65
681 503 799 555 patet.
846 499 926 541 hoc
968 498 1019 540 de
1061 498 1259 554 Lycurgo
1292 497 1519 541 oraculum
1551 496 1756 539 omnibus

76 579 226 618 notum
253 574 390 617 fuisse
433 574 561 629 Apud
592 574 819 616 Platonem
849 589 934 616 non
963 573 1121 629 legitur
1150 588 1288 629 neque
1320 588 1421 616 vero
1450 571 1755 615 eratSocratis

76 649 298 694 Platonici.
330 649 403 706 qui
436 649 614 697 invitus,
645 649 790 692 timide
817 654 857 692 et
886 649 1193 705 pedetemptim
1224 648 1303 691 hoc
1320 647 1549 691 consilium
1571 653 1753 690 temera-

75 725 185 768 rium
213 730 342 782 atque
371 725 540 768 facinus
565 726 708 768 audax
727 724 1080 782 Chaerephontis
1098 740 1194 767 cum
1215 724 1431 767 iudicibus
1449 723 1754 770 communicat,

75 815 201 844 suani
247 800 553 844 verecundiam
586 805 625 843 et
661 800 922 843 modestiam
956 799 1169 843 eiusmodi
1203 799 1393 855 superba
1426 797 1754 854 comparatione

76 875 250 919 inficere
283 880 413 932 atque
452 875 644 918 abolete.

133 950 296 994 Contra
340 951 572 1008 scriptores
614 950 875 1007 posteriores
921 950 1049 993 fidem
1090 950 1363 1007 impugnant.
1407 947 1662 992 Scholiasta
1696 948 1749 992 ad

77 1025 229 1069 Nubes
264 1026 357 1076 144,
391 1027 615 1070 oraculum
649 1042 998 1070 commemorans
1032 1027 1148 1069 hunc
1178 1025 1220 1068 in
1255 1026 1460 1069 modum:

251 1135 376 1185 σοφὸς
409 1138 636 1186 Σοφοκλῆς,
667 1140 891 1184 σοφώτερος
923 1132 959 1173 δ’
1005 1135 1240 1186 Εὐριπίδης,

251 1210 411 1262 ἀνδρῶν
443 1209 484 1249 δὲ
515 1211 676 1249 πάντων
708 1212 922 1261 Σωκράτης
956 1211 1197 1259 σοφώτατος,

76 1337 227 1376 contra
276 1333 557 1390 Apollonium
609 1333 843 1381 Molonem,
891 1333 965 1390 qui
1014 1333 1054 1373 ἐν
1085 1342 1135 1388 τῷ
1168 1334 1267 1372 κατὰ
1294 1335 1529 1383 φιλοσόφων
1558 1333 1758 1380 ἐψεῦσθαι

76 1408 294 1451 contendit
328 1408 434 1452 illud
468 1408 708 1458 oraculum,
741 1433 794 1437 —
823 1411 913 1456 τοὺς
946 1410 1019 1461 γὰρ
1053 1409 1267 1456 Πυθικοὺς
1299 1411 1497 1460 χρησμοὺς
1527 1409 1758 1459 ἑξαμέτρους

75 1483 174 1524 εἶναι
209 1511 275 1533 -,
308 1484 578 1527 demonstrat
609 1485 696 1528 alia
727 1484 904 1528 oracula
936 1489 1082 1528 extare
1117 1484 1317 1526 versibus
1352 1483 1573 1526 trimetris.

134 1559 261 1616 Apud
294 1559 529 1616 Diogenem
561 1559 702 1603 Laert.
736 1559 788 1602 ῙΙ.
821 1560 875 1603 37
909 1559 1133 1602 oracutum
1161 1574 1249 1602 uno
1283 1563 1451 1602 tantum
1486 1574 1615 1602 versu
1652 1574 1752 1602 con-

76 1639 185 1678 stat:
225 1637 391 1686 Ἀνδρῶν
424 1635 611 1674 ἁπάντων
644 1638 861 1685 Σωκράτης
893 1637 1134 1684 σοφώτατος.

133 1709 222 1752 Alii
257 1725 443 1767 quoque,
487 1714 657 1767 praeter
689 1709 988 1765 Apollonium,
1029 1709 1243 1754 dubitant.
1280 1715 1422 1753 utrum
1459 1725 1501 1752 re
1536 1724 1638 1752 vera
1672 1709 1755 1752 hoc

75 1785 299 1829 oraculum
340 1785 503 1828 editum
549 1785 605 1829 sit
633 1801 781 1834 necne,
815 1785 991 1829 Colotes
1023 1785 1138 1842 apud
1171 1785 1284 1828 Plut.
1315 1785 1414 1828 adv.
1449 1784 1540 1828 Col.
1580 1786 1691 1827 1116
1720 1801 1756 1833 e,

75 1860 330 1905 Athenaeus
360 1861 396 1903 V
430 1862 516 1905 218
534 1877 569 1911 e,
603 1861 676 1918 qui
712 1866 847 1904 totam
882 1861 1256 1905 narratiunculam
1290 1860 1477 1904 ludibrio
1511 1860 1667 1909 habet;
1706 1860 1755 1903 de

77 1936 302 1980 Athenaeo
334 1941 481 1980 autem
515 1937 645 1993 paulo
680 1942 776 1993 post
812 1937 1070 1980 videbimus.

137 2011 227 2054 Nos
253 2012 438 2055 libenter
464 2029 562 2055 cum
589 2013 801 2056 ZELLERto
829 2013 1094 2056 arbitramur
1118 2028 1380 2069 responsum
1413 2012 1608 2068 Pythiae,
1628 2012 1758 2068 quale

73 2087 187 2143 apud
220 2087 520 2138 scholiastam,
554 2089 668 2144 apud
702 2087 885 2132 Suidarn
915 2089 997 2131 sub
1027 2104 1129 2132 voce
1155 2091 1293 2140 σοφός,
1322 2088 1437 2144 apud
1468 2088 1590 2143 Diog.
1614 2087 1758 2131 Laert.

76 2161 209 2211 1137,
247 2162 418 2219 legitur,
452 2177 536 2206 non
570 2179 668 2207 esse
702 2179 852 2207 verum
871 2164 1097 2207 oraculum
1126 2163 1201 2206 sed
1223 2168 1376 2220 postea
1392 2163 1538 2206 fictum
1559 2163 1754 2214 eZsLLEss,

74 2236 237 2281 Philos.
285 2238 323 2281 d.
372 2237 529 2282 Griech
574 2239 635 2281 [Ι4
667 2239 770 2282 524:
805 2239 872 2282 die
908 2239 1101 2282 Iamben.
1140 2239 1303 2282 welche
1343 2238 1572 2294 angeblich
1608 2239 1757 2282 diesen

76 2311 244 2369 Spruch
277 2313 516 2364 enthalten,
553 2314 619 2357 bei
656 2314 777 2370 Diog.
813 2314 954 2358 Laert.
993 2314 1041 2357 ΙΙ,
1077 2315 1148 2358 37.
1183 2315 1271 2357 und
1305 2313 1467 2357 Suidas
1496 2316 1633 2364 σοφὸς,
1662 2313 1758 2357 sind

79 2387 292 2431 naturlich
327 2389 500 2445 spater).

135 2463 264 2506 Nunc
310 2468 455 2507 autem
505 2480 710 2520 rogamus
754 2465 839 2508 utri
878 2464 1077 2521 scriptori
1113 2464 1254 2521 magis
1298 2465 1404 2508 fides
1447 2465 1655 2508 habenda
1691 2464 1759 2513 sit,

78 2542 171 2581 uter
202 2538 341 2595 magis
376 2539 545 2582 veritati
571 2540 884 2584 convenienter
912 2540 1060 2584 omnia
1088 2556 1200 2597 quae
1228 2540 1281 2583 ad
1301 2540 1525 2583 oraculum
1546 2540 1760 2597 pertinent

79 2614 312 2658 memoriae
346 2615 592 2671 prodiderit.

134 2689 290 2733 Moneo
332 2690 448 2747 apud
484 2690 709 2734 Platonem
742 2690 1120 2748 Chaerephontem
1154 2690 1329 2733 disertis
1365 2690 1508 2734 verbis
1550 2690 1753 2746 Pythiam

75 2764 348 2808 consuluisse
389 2781 444 2808 an
486 2766 720 2823 quisquam
763 2765 943 2810 Socrate
977 2768 1243 2821 sapientior
1278 2771 1419 2809 esset:
1454 2766 1568 2818 ἤρετο
1600 2768 1673 2820 γὰρ
1707 2767 1754 2817 ὀὴ

79 2841 116 2879 εἴ
142 2858 197 2888 τις
230 2841 326 2891 ἐμοῦ
359 2842 419 2892 εἴη
452 2843 762 2892 σοφώτερος.

138 2914 217 2958 Hic
243 2914 498 2959 Athenaeus
525 2915 573 2958 V.
602 2916 728 2959 218e
756 2920 868 2959 recte
896 2916 1100 2958 observat
1131 2915 1359 2959 Socratem
1390 2915 1555 2958 nullius
1583 2915 1753 2971 sapien-

79 2988 176 3039 tiae,
224 2995 270 3032 ut
315 2990 474 3040 aiebat,
523 2990 604 3033 sibi
647 2990 870 3034 conscium
916 2990 1075 3039 fuisse;
1113 3006 1252 3047 neque
1298 2991 1502 3034 credibile
1545 2991 1756 3033 essehoc

147 3061 310 3096 Apologia
334 3062 588 3097 xenophontes„
1638 3064 1655 3089 6
