2019 3299
1056 179 1114 222 76

183 326 186 331 ⁴
245 294 464 344 ζητητέα
525 293 665 335 εἶναι
726 298 775 337 ἐκ
828 302 1018 348 παντὸς
1151 304 1352 342 ἅπαντα
1401 311 1574 344 ποιεῖν
1618 306 1700 344 καὶ
1747 306 1920 359 λέγειν

244 370 441 419 τρόπου
483 370 539 408 τὰ
581 371 958 422 ἀποφευκτικά,
1151 379 1270 418 ὥστε
1302 378 1603 432 ἀποφυγεῖν
1635 382 1724 431 τὴν
1757 383 1920 432 δίκην.

243 441 370 497 Apol.
404 443 474 486 22.
1082 461 1084 487 f
1149 452 1276 509 Apol.
1309 453 1366 496 38
1386 452 1432 496 E.

302 519 352 557 τὸ
386 519 436 558 δὲ
474 521 537 571 μὴ
569 520 894 573 ἀποθανεῖν,
926 527 1016 565 οὐκ
1207 529 1298 568 οὔτε
1329 531 1403 581 γὰρ
1445 531 1486 569 ἐν
1530 532 1620 585 ὸίκῃ
1652 529 1738 570 οὔτ’
1776 531 1817 570 ἐν
1850 547 1921 571 πο-

242 595 363 649 ᾥετο
393 599 713 647 λιπαρητέον
740 595 898 649 εἶναι,
920 599 1017 639 ἀλλὰ
1147 603 1263 659 liugn,
1294 603 1379 644 οὔτ’
1416 605 1482 655 ἐμέ
1509 604 1596 645 οὔτ’
1626 605 1745 646 ἄλλον
1772 606 1920 646 οὐδένα

241 671 306 709 καὶ
338 671 478 722 καιρὸν
511 671 590 723 ’ἤδη
623 678 753 712 κ.τ.λ.
1148 680 1213 718 δεῖ
1267 687 1381 719 τοῦτο
1453 686 1726 733 μηχανᾶσθαι,
1789 682 1920 729 ὅπως

1147 754 1506 805 ἀποφεύξεται
1578 764 1677 795 πᾶν
1754 765 1920 797 ποιῶν

1147 831 1394 870 θάνατον.

1205 906 1260 948 39
1279 905 1333 948 Α.
1366 907 1432 946 καὶ
1462 907 1574 946 ἄλλαι
1592 907 1765 960 μηχαναὶ
1780 908 1920 948 πολλαὶ

1145 982 1244 1021 εἰσιν
1277 982 1318 1021 ἐν
1362 982 1540 1030 ἑκάστοις
1588 988 1666 1031 τοῖς
1713 986 1920 1032 κινδύνοις

1146 1058 1241 1097 ὥστε
1260 1060 1495 1111 διαφεύγειν
1513 1062 1708 1109 θάνατον,
1733 1059 1785 1098 ἑά
1802 1076 1820 1097 ν
1848 1076 1888 1098 τι
1902 1076 1920 1106 ς

1146 1138 1304 1188 τολμᾷ
1352 1141 1450 1173 πᾶν
1498 1138 1673 1174 ποιεῖν
1720 1135 1802 1174 καὶ
1850 1136 1919 1174 λέ-

1144 1224 1267 1261 γειν.

1203 1283 1258 1327 37
1278 1282 1324 1327 C.
1364 1286 1488 1336 πολλὴ
1521 1285 1665 1336 μεντᾶν
1703 1302 1748 1337 με
1781 1290 1917 1336 φιλο-

1144 1361 1306 1411 ψυχία
1339 1360 1417 1411 ἔχοι
1451 1377 1484 1399 κ.
1502 1377 1531 1399 τ.
1549 1365 1579 1399 λ.

295 1505 527 1550 Praeterea
558 1524 655 1551 cum
690 1509 763 1551 illo
796 1511 1035 1561 λιπαρητέον
1067 1510 1183 1566 apud
1211 1509 1322 1552 Xen.
1353 1510 1705 1566 componendum
1734 1526 1755 1553 e
1784 1509 1920 1553 Phae·

233 1582 344 1624 ‹lone
390 1583 529 1626 117A
567 1586 796 1637 γλιχόμενος
830 1593 899 1625 τοῦ
932 1589 1014 1638 ζῆν,
1048 1589 1088 1628 et
1120 1601 1172 1628 ex
1205 1584 1382 1628 Critone
1415 1585 1523 1629 53ss
1557 1588 1745 1638 γλίσχρως
1777 1587 1918 1626 ἐπιθυ-

233 1664 320 1708 μεῖν
353 1661 436 1710 ζῆν.

291 1732 622 1776 Meminerimus
655 1750 829 1791 quoque
863 1735 944 1778 hac
976 1736 1018 1778 in
1053 1752 1096 1778 re
1130 1736 1246 1792 apud
1280 1735 1619 1792 Xenophontem
1646 1736 1778 1779 verba
1804 1736 1919 1779 dicta

233 1823 329 1850 esse
378 1808 418 1850 in
468 1809 685 1866 colloquio
728 1826 825 1853 cum
869 1811 1033 1859 amic0;
1080 1827 1219 1868 neque
1262 1812 1376 1854 enim
1417 1812 1458 1854 in
1492 1811 1581 1854 litis
1611 1811 1917 1855 aestimatione

234 1884 341 1927 liaec
373 1885 467 1927 eius
500 1886 551 1927 de
586 1891 724 1929 morte
758 1902 844 1929 non
878 1902 1055 1944 quoquo
1085 1888 1212 1930 modo
1241 1887 1492 1943 effugienda
1518 1887 1738 1931 sententia
1763 1887 1918 1930 iterata

233 1964 311 2009 est,
345 1961 420 2003 Sed
449 1963 598 2016 factis
630 1961 887 2006 confirmata
911 1965 983 2015 (ὅτι
1014 1964 1055 2003 δὲ
1084 1966 1207 2011 οὕτως
1236 1965 1458 2016 ἐγίγνωσκε,
1498 1967 1916 2014 καταὸηλότερον

232 2036 486 2088 ἐγίγνετο,
527 2038 663 2088 ἐπειδὴ
701 2037 724 2089 ἡ
760 2040 849 2090 δίκη
883 2040 1186 2090 κατεψηφίσθη,
1217 2054 1268 2081 ex
1302 2038 1397 2081 elus
1431 2037 1655 2094 responsis
1688 2038 1843 2081 acerbe
1876 2043 1915 2081 et

229 2110 392 2154 ironice
439 2111 617 2165 dictisl).
670 2113 699 2155 E
749 2113 967 2156 contrario
1011 2114 1126 2170 apud
1162 2115 1388 2156 Platonem
1421 2116 1525 2168 post
1557 2115 1917 2157 damnationem

231 2186 435 2230 Socrates
477 2204 651 2232 summa
692 2204 789 2231 cuni
829 2188 1142 2236 familiarItate,
1185 2204 1446 2245 summaque
1479 2204 1576 2232 cum
1612 2188 1917 2233 benevolentia

231 2268 382 2305 contra
437 2279 532 2307 eam
583 2270 748 2321 partein
808 2264 997 2307 iudicum
1056 2265 1128 2321 qui
1183 2281 1280 2307 eum
1339 2265 1744 2308 condemnaverunt
1790 2264 1916 2321 quasi

230 2337 403 2394 quidem
463 2342 697 2392 ἁρετάλυγυς
754 2340 857 2394 (vid.
915 2341 972 2383 38
994 2340 1042 2390 Ε,
1091 2341 1147 2384 39
1171 2341 1225 2394 A)
1272 2341 1332 2383 ita
1378 2340 1597 2389 disseruit,
1646 2340 1774 2396 idque
1822 2340 1916 2383 sine

231 2412 321 2455 Ulla
352 2412 654 2470 indignatione
700 2415 826 2466 (38B
874 2424 994 2456 ταῦτα
1043 2423 1113 2466 μὲν
1161 2434 1238 2456 που
1285 2418 1378 2464 ἴσως
1425 2418 1550 2464 οὕτως
1597 2418 1659 2456 καὶ
1703 2418 1780 2455 ἔδει
1813 2421 1916 2467 σχεῖν

230 2493 294 2527 καὶ
341 2487 446 2539 οἶμαι
495 2492 595 2530 αὐτὰ
642 2493 804 2542 μετρίως
852 2492 992 2544 ἔχειν),
1041 2491 1115 2534 sed
1163 2507 1304 2548 aequo
1345 2491 1493 2534 animo
1537 2496 1582 2534 ut
1631 2491 1770 2533 virum
1812 2489 1916 2533 divi-

231 2580 334 2607 num
377 2564 520 2608 decet!

289 2640 501 2696 Suspicor
559 2657 642 2683 non
705 2641 771 2684 bis
828 2642 1052 2686 Socratem
1112 2644 1162 2686 de
1221 2643 1503 2686 damnatione
1558 2642 1808 2698 effugienda
1854 2642 1915 2686 ita

228 2714 504 2765 disseruisse,
559 2717 817 2760 alterutrum
869 2734 984 2774 erg0,
1037 2723 1112 2762 aut
1161 2719 1515 2775 Xenophontem,
1568 2724 1642 2762 aut
1683 2717 1911 2760 Platonem

230 2791 416 2837 mentiri,
461 2797 499 2833 et
543 2792 723 2835 alterius
769 2794 833 2836 vel
877 2794 990 2837 tertii
1033 2795 1256 2851 scriptoris
1298 2795 1507 2851 scriptum
1555 2795 1619 2838 vel
1669 2794 1832 2840 famam
1875 2800 1915 2837 et

228 2867 491 2919 deSocrate
524 2869 828 2912 sermunculos
876 2870 1071 2913 urbanos
1104 2876 1302 2913 secutum
1338 2886 1434 2913 esse
1469 2876 1509 2913 et
1544 2871 1585 2913 in
1619 2886 1748 2914 suum
1787 2886 1915 2915 usum

229 2942 513 2985 convertisse.
