2019 3299
1016 175 1073 216 30

195 310 380 346 -σκοπεῐν,
425 302 671 347 Ridiculum
712 316 796 343 non
828 306 917 343 tam
951 315 1002 342 ex
1035 298 1254 347 sententia
1285 296 1479 341 Socratis
1512 313 1643 354 quam
1681 296 1892 341 Platonis.

207 379 332 423 Plato
366 379 496 421 homo
530 377 723 421 urbanus
756 375 864 419 satis
898 374 1028 418 habet
1059 373 1145 416 leni
1180 373 1269 416 risu
1303 372 1512 416 stultitias
1550 372 1736 416 aliorum
1770 371 1893 416 refel-

208 455 297 498 lere
343 458 385 497 et
430 452 677 510 praeterire.
726 451 825 494 Non
873 454 1016 507 potest
1058 449 1296 493 insolenter
1342 453 1382 492 et
1415 449 1571 492 acerbe
1603 447 1666 492 eis
1697 447 1897 492 convicia

208 530 352 574 facere
383 534 424 572 et
458 528 689 571 maledicta
719 526 930 570 conicere.
965 525 1104 568 Aliter
1133 540 1262 568 verus
1290 524 1510 568 Socrates.
1539 523 1604 568 Cf.
1630 523 1744 567 Xen.
1764 522 1894 566 Mem.

212 605 244 655 I,
282 606 320 655 1,
357 604 529 647 11—12
571 603 668 643 ἀλλὰ
707 603 773 642 καὶ
816 603 909 649 τοὺς
942 604 1228 651 φροντίζοντας
1260 602 1306 640 τὰ
1338 607 1501 640 τοιαῦτα
1534 601 1896 652 μωραίνοντας

211 682 445 722 ἀπεδείκνυε
489 697 583 720 κ.·τ.
616 683 647 718 λ.
694 676 747 720 cf.
795 676 925 720 Mem.
974 675 1036 718 IV
1085 675 1124 718 7.
1173 676 1199 718 6
1241 682 1556 728 παραφρονῆσαι
1768 676 1897 724 ὥσπερ

214 759 474 811 Ἀναξαγόρας
514 757 832 807 παρεφρόνησεν.
873 752 999 796 Conf.
1042 756 1269 809 praeterea
1299 751 1422 794 locus
1456 751 1498 794 in
1536 750 1666 794 Mem.
1702 749 1735 793 Ι.
1768 750 1808 793 6.
1844 749 1897 793 13

211 849 299 892 quo
330 833 489 890 legitur
518 832 594 876 illa
625 830 912 875 acerbissima
943 845 1040 873 cum
1075 829 1230 873 scortis
1263 828 1545 886 comparatio.
1579 827 1743 871 Contra
1769 825 1897 883 Apol.

213 910 321 954 Plat.
371 909 481 952 22D
529 907 732 964 opificum
780 905 1077 962 arrogantiam
1123 904 1210 948 leni
1249 904 1478 953 vocabulo,
1513 908 1661 961 utpote
1693 902 1900 948 Socrates

215 984 480 1034 Platonicus,
514 983 622 1027 ridet
654 987 696 1025 et
726 980 1017 1039 reprehendit,
1051 981 1293 1034 πλημμέλεια
1327 980 1435 1023 dic0.

273 1062 617 1116 Nonnumquam
643 1058 808 1101 similes
826 1056 908 1100 loci
924 1072 1103 1114 prorsus
1121 1055 1385 1100 contrariam
1405 1054 1668 1099 sententiam
1682 1053 1900 1098 exhibent.

216 1138 356 1182 Verus
388 1137 592 1181 Socrates
624 1140 666 1179 et
697 1136 902 1181 Socrates
929 1134 1184 1177 Platonicus
1207 1133 1266 1176 ibi
1283 1133 1395 1176 inter
1411 1148 1457 1176 se
1477 1147 1670 1190 pugnare
1690 1132 1902 1176 videntur.

273 1213 401 1271 Apud
450 1213 559 1256 Plat.
604 1212 705 1269 Lys.
747 1211 887 1255 206ss
920 1210 1101 1253 comiter
1133 1209 1368 1252 admodum
1400 1213 1441 1252 et
1475 1209 1671 1253 humane
1704 1212 1745 1251 et
1779 1207 1899 1251 omni

217 1293 446 1333 venustate
487 1289 674 1331 affluens
716 1286 908 1343 disputat
951 1301 1050 1328 cum
1094 1284 1425 1328 adulescentulo
1472 1285 1536 1324 καὶ
1589 1284 1660 1335 μὲν
1693 1285 1742 1335 δὴ
1773 1285 1904 1337 λόγοις

215 1383 253 1407 τε
284 1367 348 1406 καὶ
381 1367 501 1422 ᾠδαῖς
533 1365 585 1416 μὴ
619 1368 751 1415 κηλεῖν
785 1361 859 1402 ἀλλ’
898 1364 1263 1415 ἐξαγριαίνειν
1297 1361 1421 1412 πολλὴ
1455 1361 1638 1412 ἀμουσία.
1667 1358 1833 1403 Contra
1859 1358 1903 1402 in

216 1442 460 1485 Theaeteto
508 1439 535 1482 l.
568 1439 594 1482 l.
643 1437 831 1494 legimus
878 1437 945 1477 καὶ
991 1437 1060 1477 ἐὰν
1107 1437 1183 1488 ἄρα
1230 1437 1507 1487 σκοπούμενός
1554 1452 1589 1475 τι
1621 1431 1677 1475 ὧν
1708 1434 1758 1475 ἂν
1789 1435 1904 1491 λέγῃς

215 1518 424 1571 ἡγήσωμαι
469 1517 633 1556 εἴδωλον
680 1514 746 1553 καὶ
792 1513 844 1565 μὴ
876 1512 1038 1565 ἀληθές,
1068 1509 1148 1552 εἶτα
1180 1512 1452 1563 ὑπεξαιρῶμαι
1485 1510 1552 1550 καὶ
1583 1510 1811 1563 ἀποβάλλει),
1842 1511 1904 1562 μὴ

217 1594 459 1646 ἀγρίαινε
505 1607 538 1630 κ.
570 1607 599 1630 τ.
632 1594 662 1629 λ.
869 1587 1008 1628 πολλοὶ
1048 1587 1121 1640 γὰρ
1164 1587 1256 1639 ἤδη,
1288 1583 1317 1626 ὦ
1349 1587 1566 1638 θαυμάσιε,
1595 1587 1694 1638 πρός
1726 1601 1772 1637 με
1803 1585 1906 1625 οὕτω

217 1668 467 1719 διετέθησαν,
499 1668 596 1708 ὥστε
625 1667 793 1718 ἀτεχνῶς
827 1667 989 1705 δάκνειν
1022 1664 1170 1716 ἕτοιμοι
1201 1660 1302 1704 εἶναι
1332 1680 1366 1703 κ,
1399 1680 1428 1703 τ.
1460 1667 1491 1703 λ.

279 1743 421 1800 Vulgo
464 1742 668 1786 Socrates
701 1740 815 1798 apud
848 1740 1077 1783 Platonem
1109 1738 1217 1782 nihil
1248 1737 1369 1783 aliud
1402 1742 1533 1795 atque
1565 1736 1779 1781 dramatis
1812 1751 1903 1793 per-

218 1835 341 1869 sona,
375 1821 604 1870 m965cortov,
634 1822 713 1861 est.
749 1816 831 1860 Hic
863 1821 994 1874 atque
1026 1815 1113 1859 illic
1145 1831 1221 1872 per
1251 1815 1386 1858 rimas
1420 1813 1738 1872 pulcherrimae
1771 1811 1908 1856 vestis

220 1894 473 1939 Platonicae
506 1909 635 1938 verus
668 1893 873 1937 Socrates
901 1907 926 1936 a
952 1891 1179 1935 Platonico
1208 1889 1409 1934 nonnihil
1437 1889 1638 1934 diversus
1655 1888 1908 1932 translucet.

281 2046 492 2090 Desinant.
522 2045 699 2090 tandem
734 2043 934 2088 nonnulli
954 2042 1033 2086 viri
1061 2042 1174 2086 docti
1203 2042 1429 2086 Socratem
1464 2057 1540 2099 pro
1560 2045 1714 2085 sancto
1732 2039 1909 2088 habere,

221 2123 380 2181 quippe
421 2121 626 2166 commoti
670 2119 903 2163 notissima
940 2119 1015 2162 illa
1056 2118 1248 2174 imagine
1285 2122 1494 2174 tanquam
1528 2115 1720 2160 hominis
1753 2114 1909 2172 integri

221 2198 417 2256 castique
459 2202 591 2254 atque
623 2195 741 2239 omni
773 2195 873 2239 labe
906 2194 1111 2244 carentis,
1145 2193 1291 2251 qualis
1331 2192 1456 2236 nobis
1488 2192 1531 2235 in
1566 2191 1675 2235 Plat.
1709 2191 1836 2248 Apol.
1870 2194 1910 2234 et

222 2274 458 2318 Phaedone
491 2271 753 2329 depingitur.
790 2270 891 2314 Non
926 2274 1018 2313 erat
1051 2269 1233 2321 ἡμίθεος,
1265 2268 1426 2326 quibus
1456 2268 1497 2310 in
1531 2267 1659 2323 Apol.
1678 2267 1732 2310 41
1754 2267 1792 2310 A
1820 2266 1910 2309 fere

223 2352 508 2408 adaequatur.
558 2349 702 2392 Homo
746 2353 838 2391 erat
881 2351 921 2390 et
963 2345 1145 2389 humani
1183 2345 1290 2388 nihil
1323 2345 1378 2388 ab
1411 2359 1462 2387 eo
1494 2343 1702 2387 alienum.
1737 2341 1835 2393 Qua
1866 2357 1931 2384 re

223 2426 351 2470 nobis
397 2426 571 2469 nimbus
617 2424 687 2467 ille
743 2439 770 2467 a
812 2422 1051 2466 maioribus
1099 2421 1284 2465 traditus
1327 2420 1601 2464 amovendus
1644 2423 1723 2462 est.
1756 2417 1909 2461 Liben-

221 2502 391 2546 tissime
432 2500 647 2544 assentior
684 2499 824 2542 tribus
858 2498 961 2541 viris
995 2497 1134 2541 doctis
1167 2511 1354 2554 quorum
1387 2494 1630 2538 sententias
1664 2494 1790 2537 video
1822 2493 1912 2537 lau-

223 2579 348 2621 datas
383 2577 425 2620 in
458 2576 568 2620 libro
602 2575 671 2619 cui
704 2574 884 2618 titulus:
920 2574 1016 2617 Aus
1049 2573 1266 2615 Altertum
1300 2571 1388 2615 und
1422 2570 1701 2627 Gegenwart,
1731 2569 1912 2613 ROBERT

229 2653 606 2701 νοΝῬὸΗιΜΑΝΝ,
643 2651 863 2694 Munchen
893 2665 992 2706 pag.
1025 2650 1065 2693 3.
1099 2651 1139 2692 5.
1919 2693 1922 2696 ,

287 2729 380 2773 Iam
414 2727 596 2771 GOETHE
627 2726 796 2769 monuit
833 2726 963 2780 „dasz
996 2740 1098 2769 man
1133 2724 1226 2767 sich
1266 2739 1349 2766 von
1384 2723 1480 2766 dem
1516 2721 1670 2765 Dienst
1701 2721 1777 2764 des
1811 2719 1912 2763 Got-

225 2805 460 2858 zenbildes‚
494 2804 572 2846 das
607 2803 730 2845 Plato
764 2801 926 2845 bemalt
959 2801 1047 2844 und
1083 2799 1316 2856 ven-galdet,
1351 2799 1448 2841 dem
1482 2797 1731 2854 Xenophon
1762 2803 1913 2852 gerau-

226 2880 357 2929 chert,
402 2895 451 2923 zu
486 2879 628 2922 einem
662 2879 916 2935 Standpunt
954 2877 1142 2920 erheben
1182 2883 1344 2924 musse,
1379 2875 1433 2917 da
1464 2878 1571 2917 statt
1602 2873 1678 2916 des
1711 2871 1912 2927 Heiligen

228 2956 296 2999 ein
332 2956 502 2999 wahren·
535 2954 716 2997 Mensch
751 2952 1012 2997 erscheint”.
