2019 3299
881 178 937 223 33

67 303 210 362 quivis
255 303 479 359 intellegit.
528 303 722 346 Huiusce
769 303 884 346 modi
916 306 1063 346 autem
1096 301 1190 344 eius
1225 302 1357 345 verba
1389 301 1544 352 fuisse,
1581 301 1744 345 talibus

69 394 168 423 eum
199 394 327 421 usum
356 394 452 421 esse
484 378 769 434 argumentis,
802 382 1149 421 consentaneum
1184 381 1263 419 est.

128 453 191 496 Ex
232 453 403 496 duabus
450 454 646 509 partibus
688 453 850 496 ciimen
884 451 1122 509 impietatis
1154 455 1346 495 constat:
1381 451 1568 508 primum
1611 466 1667 496 ew
1703 466 1751 496 eo

68 531 191 584 quod
234 542 330 572 ‘non
372 531 485 584 fecit
531 544 592 572 sc.
640 532 815 580 νομίζειν
852 528 922 576 οὓς
955 527 978 579 ἡ
1012 530 1125 575 πόλις
1158 529 1306 579 νομίζει
1336 529 1473 579 θεοὺς,
1503 526 1657 570 deinde
1691 541 1748 571 ew

69 619 118 649 eo
147 606 270 661 quod
296 606 408 659 fecit
438 619 498 647 Sc.
531 604 652 644 καινὰ
685 605 874 655 δαιμόνια
906 603 1114 655 εἰσφέρειν.

127 678 248 730 Quae
293 683 394 723 sunt
439 678 514 722 illa
547 694 662 722 nova
693 683 824 735 atque
857 676 1056 721 inaudita
1086 676 1271 720 numina
1303 691 1415 733 quae
1448 676 1489 719 in
1523 676 1746 721 civitatem

67 754 339 799 introducere
370 754 638 798 accusatur?
671 753 719 797 Si
750 753 1090 810 Xenophontem
1122 751 1456 809 inspexerimus,
1491 767 1576 795 non
1606 752 1678 795 diu
1708 752 1749 795 in

67 831 258 875 tenebris
296 828 584 880 versabimur,
627 828 680 873 cf.
722 814 851 886 Apol.
897 829 962 872 12.
1007 830 1141 868 Καινά
1180 844 1223 881 γε
1255 829 1334 880 μὴν
1367 829 1555 880 δαιμόνια
1586 836 1668 876 πῶς
1701 827 1750 868 ἂν

68 908 140 960 ἐγὼ
180 908 400 960 εἰσφέροιμι
440 908 563 960 λέγων
605 907 662 946 ’ὅτι
704 911 803 946 θεοῦ
847 922 914 957 μοι
945 905 1061 956 φωνὴ
1093 906 1276 956 φαίνεται
1308 905 1559 957 σημαίνουσα
1593 905 1650 943 ὅτι
1679 905 1750 956 χρὴ

67 987 214 1029 ποιεῐν;
259 981 394 1038 Igitur
439 995 556 1024 nova
602 979 678 1024 illa
723 978 959 1024 daemonia
1006 983 1108 1022 sunt
1151 984 1252 1019 θεοῦ
1285 980 1415 1030 φωνή,
1445 993 1558 1036 quae
1590 993 1745 1022 ansam

70 1057 266 1114 praebuit
296 1056 641 1102 accusatoribus.
675 1055 729 1099 cf.
764 1055 895 1098 Mem.
927 1054 959 1098 Ι.
996 1055 1032 1097 1.
1066 1055 1107 1098 2.

126 1131 172 1175 Si
202 1132 300 1190 quis
331 1137 562 1177 accusatur
594 1147 710 1175 nova
741 1130 975 1174 daemonia
1007 1129 1296 1180 introducere,
1324 1145 1464 1173 novas
1487 1145 1556 1172 res
1574 1128 1748 1172 divinas

65 1208 135 1262 (cf.
168 1208 293 1265 Apol.
326 1207 437 1252 Plat.
469 1208 524 1251 27
544 1207 593 1250 Β.
612 1206 687 1260 C.).
721 1206 824 1264 quid
858 1206 896 1249 ei
931 1221 1003 1249 reo
1031 1205 1277 1249 faciendum
1308 1205 1406 1248 est‘?
1435 1204 1748 1262 Unusquisque

68 1282 158 1326 iure
199 1283 254 1326 ab
296 1298 346 1326 eo
388 1281 628 1340 postulabit
670 1286 715 1324 ut
747 1281 1016 1324 demonstret
1050 1285 1124 1324 aut
1157 1296 1204 1324 se
1237 1280 1415 1323 omnino
1448 1294 1534 1322 non
1568 1278 1747 1323 numina

67 1358 336 1402 introducere
380 1362 468 1407 aut,
502 1357 538 1401 si
571 1358 654 1400 hoc
685 1356 833 1413 negari
871 1372 957 1400 non
989 1360 1146 1413 potest,
1181 1360 1227 1399 ut
1259 1359 1449 1413 exponat
1479 1355 1645 1399 nullam
1681 1355 1743 1398 eis

68 1434 304 1478 novitatem
353 1434 511 1477 inesse.
558 1432 711 1476 Talem
762 1431 1188 1488 argumentationem
1231 1431 1322 1474 iure
1355 1430 1462 1474 mihi
1493 1430 1656 1474 iudices
1688 1431 1743 1474 ab

67 1526 117 1554 eo
151 1510 353 1554 videntur
384 1508 653 1566 poposcisse.
686 1508 872 1552 Talibus
903 1508 1175 1564 argumentis
1208 1523 1319 1565 opus
1351 1507 1422 1551 hic
1454 1511 1559 1551 erat.
1592 1506 1745 1550 Talem

66 1601 237 1644 quoque
278 1584 527 1642 Xenophon
569 1583 696 1627 nobis
733 1583 908 1627 exhibet
944 1584 1129 1628 12—13.
1163 1583 1455 1627 Daemonium
1489 1582 1593 1625 illud
1626 1597 1750 1638 argu-

66 1666 260 1705 mentum
294 1659 607 1717 gravissimum
640 1663 733 1703 erat
765 1658 1041 1702 inimicorum
1067 1659 1108 1713 1).
1146 1658 1239 1702 Hoc
1271 1657 1509 1702 verisimile
1551 1661 1616 1700 est
1650 1672 1749 1700 eum

66 1736 259 1780 diluisse.
292 1735 347 1778 Et
379 1734 421 1778 in
456 1734 584 1777 Mem.
618 1738 658 1777 et
689 1733 731 1777 in
765 1734 892 1791 Apol.
926 1733 1176 1791 Xenophon
1196 1733 1323 1777 nobis
1342 1732 1555 1783 eatradit,
1576 1731 1748 1776 veritati

67 1811 388 1860 convenienter,
431 1814 476 1853 ut
520 1809 689 1866 opinor.
733 1809 1020 1864 Pragmatice,
1055 1814 1097 1853 ul
1134 1809 1257 1853 aiunt
1292 1836 1341 1840 —
1376 1808 1630 1865 plerumque
1663 1823 1749 1851 non

67 1887 160 1931 sine
192 1886 380 1944 quodam
414 1889 665 1941 contemptu
702 1911 768 1939 —,
801 1900 891 1928 rem
925 1884 1049 1941 gerit,
1083 1889 1124 1928 et
1156 1885 1198 1927 in
1232 1884 1488 1928 universum
1507 1883 1588 1927 dici
1608 1888 1748 1939 potest

67 1963 180 2020 apud
227 1961 567 2018 Xenophontem
609 1975 733 2003 reum
780 1959 963 2004 crimina
999 1965 1039 2004 et
1072 1975 1254 2004 causam
1287 1975 1413 2004 suam
1446 1974 1617 2015 semper
1649 1963 1750 2002 ante

67 2038 216 2082 oculos
263 2038 422 2081 habere
470 2042 510 2081 et
556 2042 742 2081 tractare
785 2037 847 2081 sic
890 2043 935 2081 ut
967 2053 1089 2081 reum
1122 2038 1258 2081 decet,
1290 2037 1407 2081 Vera
1438 2036 1748 2093 Xenophontis

69 2113 287 2171 Apologia
318 2117 398 2157 est.

134 2376 159 2424 ξ
188 2378 222 2413 2.
280 2376 530 2414 DEFENSIO
560 2376 622 2412 ET
652 2376 851 2414 CAUSAE
881 2376 1178 2413 TRACTATIO
1209 2377 1348 2413 APUD
1378 2376 1671 2413 PLATONEM.

129 2560 241 2612 Quid
283 2566 430 2605 autem
472 2577 672 2605 suminus
714 2561 1039 2619 philosophus?
1073 2561 1273 2605 Vidimus
1315 2561 1477 2605 crimen
1511 2559 1749 2617 impietatis

71 2650 123 2678 ex
154 2636 325 2680 duabus
356 2638 553 2695 partibus
586 2643 800 2682 constare.
833 2640 975 2694 Apud
1001 2631 1247 2683 Platonem
1278 2641 1451 2683 neutra
1480 2652 1600 2693 pars
1632 2640 1747 2681 trac-

73 2714 227 2757 tatur!
274 2714 404 2758 Velut
435 2714 471 2758 si
504 2720 594 2758 tota
625 2730 761 2759 causa
792 2713 1018 2758 altercatio
1051 2718 1222 2757 tantum
1254 2718 1369 2757 esset
1401 2729 1489 2770 qua
1520 2712 1618 2770 quis
1650 2727 1749 2768 cap-

70 2787 261 2832 tionibus
293 2789 532 2833 dialecticis
573 2789 875 2834 adversarium
917 2788 1114 2832 refellere
1148 2794 1296 2845 posset
1330 2816 1380 2820 —
1417 2803 1558 2845 neque
1591 2787 1750 2831 acerba

120 2961 142 3003 ¹)
166 2961 251 2996 Vid.
274 2962 370 2996 inira
396 2962 484 3006 Cap.
509 2961 553 2996 II.
578 2962 599 3005 ξ
623 2962 654 2995 3.

145 3021 309 3056 Apologia
327 3021 580 3056 Xenophontea.
1627 3018 1644 3042 ὅ
