2019 3299
906 214 960 256 83

94 336 274 394 sophiae
320 337 570 381 Socraticae
619 336 723 379 nihil
768 336 1011 392 sapientiae
1056 336 1215 379 inesse.
1258 335 1375 378 Alibi
1418 342 1565 379 autem
1598 335 1773 378 demon-

94 411 332 455 strabimus
363 412 478 455 hanc
508 411 749 468 sapientiae
781 411 1179 455 dissimulationem
1209 425 1294 454 non
1323 425 1421 454 esse
1451 409 1541 453 veri
1569 409 1776 461 Socratis,

95 486 242 543 utique
276 502 361 529 non
394 487 598 530 omnibus
630 502 802 543 semper
834 486 1206 530 dissimulatorem
1240 501 1339 528 eum
1374 485 1513 529 fuisse
1539 485 1585 540 ¹).
1623 485 1778 543 Neque

94 561 385 604 ministerium
414 562 480 605 dei
508 565 623 606 aliis
648 565 703 606 in
720 563 927 618 dialogis
945 577 1085 618 neque
1104 561 1220 617 apud
1239 560 1482 610 Platonem,
1503 576 1643 617 neque
1661 561 1776 617 apud

92 636 431 692 Xenophontem
463 652 599 680 causa
630 636 925 693 investigandi
959 641 1023 679 est
1051 640 1182 692 atque
1210 635 1456 692 inquirendi
1485 635 1526 678 in
1562 635 1776 679 homines

152 711 244 754 Iam
279 710 386 755 satis
418 717 495 755 est.
518 712 715 768 Vestigia
747 717 877 768 atque
912 711 1084 760 indicia,
1120 726 1231 767 quae
1265 711 1566 754 demonstrant
1593 710 1779 754 conficta

93 802 189 830 esse
236 787 343 830 haec
394 787 556 836 omnia,
605 786 987 843 deprehendimus
1022 802 1161 843 neque
1198 785 1292 830 sine
1327 785 1552 841 voluptate
1585 786 1776 842 quadam

91 861 277 918 legimus
304 862 419 918 apud
453 862 713 906 SCHANZIUM
741 862 782 905 in
811 862 1095 906 adnotatione
1113 861 1139 904 l.
1159 861 1185 904 l.
1223 859 1356 916 143³,
1390 861 1464 904 ubi
1484 861 1618 904 verba
1650 861 1778 904 inter-

92 935 307 994 pretatur:
339 939 404 977 καὶ
436 940 620 987 φαίνεται
652 937 755 978 τοῦτ’
794 940 841 978 οὐ
873 939 999 992 λέγειν
1018 939 1085 978 τὸν
1103 940 1300 990 Σωκράτη
1333 955 1365 977 κ.
1383 940 1412 976 ”τ.
1431 942 1461 976 λ.
1504 936 1677 991 „Durch
1709 936 1778 979 die

91 1028 227 1068 ganze
275 1012 522 1056 Deduktion
570 1013 767 1057 erhalten
816 1013 894 1055 wir
941 1012 1139 1069 zugleich
1188 1011 1315 1055 einen
1365 1011 1518 1061 Wink,
1563 1012 1667 1056 dass
1710 1011 1778 1056 die

92 1087 290 1144 Angabe,
337 1088 442 1131 dass
488 1088 714 1139 Sokrates,
765 1088 860 1132 weil
903 1104 949 1132 er
989 1089 1068 1132 das
1106 1087 1269 1131 Orakel
1301 1087 1454 1144 prufen
1485 1087 1646 1137 wollte,
1680 1103 1778 1130 zum

91 1163 278 1211 ἐξετάζειν
308 1162 485 1219 gelangt
504 1163 579 1217 sei,
599 1163 695 1206 eine
712 1163 888 1206 Fiktion
916 1162 1015 1207 ist'’.
1042 1162 1193 1206 Multis
1221 1162 1482 1206 criminibus
1510 1162 1771 1206 convincere

91 1253 212 1281 reum
246 1253 357 1295 opus
391 1255 474 1282 non
509 1243 587 1282 est.
618 1240 679 1282 De
707 1255 787 1282 suo
817 1239 1136 1295 excogitavisse
1168 1238 1396 1282 Platonem
1415 1243 1456 1282 et
1474 1237 1781 1282 commenticia

90 1329 186 1357 esse
219 1315 337 1365 haec,
371 1330 482 1372 quae
516 1315 566 1358 de
599 1315 900 1372 exploratione
933 1314 1161 1358 hominum
1185 1314 1388 1371 legimus,
1410 1314 1541 1370 vulgo
1574 1313 1777 1357 creditur.

92 1390 332 1433 Maximum
365 1390 527 1434 crimen
564 1390 649 1433 iam
670 1391 837 1434 ZssLLER
869 1390 895 1433 l.
915 1391 942 1434 l.
969 1390 1126 1434 114522
1157 1394 1270 1433 recte
1297 1390 1482 1447 profert:
1518 1389 1646 1445 „Mag
1675 1389 1781 1432 aber

90 1466 202 1509 auch
246 1465 457 1510 Sokrates
500 1467 644 1510 dieses
687 1466 884 1509 wirklich
923 1471 1078 1523 gesagt
1110 1466 1270 1516 haben,
1305 1465 1384 1509 wie
1418 1482 1463 1509 er
1495 1481 1541 1509 es
1574 1465 1685 1508 denn
1721 1464 1777 1507 im

91 1541 398 1585 wesentlichen
445 1542 558 1585 ohne
606 1542 785 1586 Zweifel
831 1547 987 1599 gesagt
1034 1542 1123 1592 hat,
1167 1558 1216 1585 so
1258 1542 1372 1585 sieht
1419 1557 1520 1585 man
1554 1541 1664 1585 doch
1698 1557 1779 1585 aus

88 1616 232 1660 seiner
257 1616 509 1673 Erzahlung
536 1617 686 1667 selbst,
718 1618 823 1661 dass
852 1618 973 1661 seine
1001 1617 1359 1675 philosophische
1388 1617 1642 1674 Thatigkeit
1661 1617 1776 1661 nicht

88 1696 175 1735 erst
218 1707 302 1735 von
345 1693 441 1735 dem
485 1693 741 1750 Ausspruch
785 1693 859 1736 der
895 1693 1055 1750 Pythia
1087 1693 1368 1742 herstammt;
1403 1693 1518 1736 denn
1554 1693 1635 1736 wie
1665 1699 1779 1736 ware

87 1775 212 1811 sonst
258 1767 518 1824 Charephon
570 1785 621 1812 zu
671 1768 815 1812 seiner
860 1768 1012 1824 Frage,
1064 1769 1149 1811 und
1198 1769 1278 1813 das
1326 1768 1487 1812 Orakel
1536 1784 1587 1812 zu
1635 1768 1780 1811 seiner

87 1843 288 1886 Antwort
333 1844 631 1900 gekommen‘?
680 1844 757 1887 Die
800 1844 977 1888 letztere
1024 1849 1134 1888 setzt
1182 1859 1359 1892 vorauS‚
1413 1844 1517 1888 dass
1565 1844 1778 1888 Sokrates

87 1919 222 1962 sehon
266 1918 361 1962 eine
396 1919 497 1962 sehr
534 1919 755 1963 bekannte
788 1919 1137 1963 Personlichkeit
1171 1935 1272 1962 war.
1308 1919 1454 1963 Wenn
1489 1935 1534 1962 er
1568 1919 1702 1962 daher
1734 1919 1776 1962 in

87 1993 161 2037 der
207 1993 420 2051 Apologie
469 1994 536 2038 die
583 1995 726 2038 Sache
775 2011 824 2038 so
868 1995 1078 2041 darstellt‚
1121 1995 1186 2038 als
1230 1994 1289 2038 sei
1325 2010 1370 2037 er
1403 1999 1492 2037 erst
1525 1995 1660 2038 durch
1695 1995 1777 2038 den

85 2068 367 2126 delphischen
410 2069 512 2113 Gott
549 2086 600 2114 zu
643 2070 787 2114 seiner
830 2070 1267 2127 Menschenprt‘ifung
1302 2070 1549 2114 veranlasst
1584 2071 1777 2119 worden,

86 2159 134 2187 so
168 2144 223 2188 ist
254 2145 370 2189 diess
401 2146 498 2189 eine
531 2146 811 2190 rednerisehe
845 2145 1129 2202 Wendung.'’
1164 2145 1282 2189 Idem
1319 2146 1494 2189 Schanz
1525 2146 1553 2189 l.
1587 2146 1614 2189 l.
1649 2144 1718 2190 73.

146 2219 261 2263 Huic
292 2220 638 2264 clarissimorum
673 2221 865 2264 virorum
895 2221 1138 2265 sententiae
1161 2221 1348 2264 libenter
1373 2220 1604 2265 assentior.
1632 2221 1779 2265 Unum

87 2299 234 2338 autem
277 2296 402 2340 nobis
446 2297 592 2340 minus
637 2297 812 2353 probari
846 2301 990 2354 potest
1023 2313 1082 2340 se.
1116 2297 1270 2341 ultima
1303 2298 1438 2341 verba
1475 2297 1598 2352 „eine
1630 2298 1780 2340 rcdne·

87 2369 229 2414 rische
266 2371 547 2429 Wendung”.

131 2510 153 2551 ¹)
178 2509 309 2553 Neque
334 2522 536 2554 possumus
560 2523 636 2545 non
662 2510 788 2545 mirari
813 2514 983 2546 nostrum
999 2511 1201 2550 Socratem,
1224 2510 1287 2554 qui
1302 2510 1348 2545 ad
1370 2511 1777 2554 summumgradumU)

84 2570 294 2613 sapientiae
321 2571 502 2614 pervenit,
527 2571 775 2606 nihilominus
800 2571 938 2606 habere
964 2571 1138 2605 notitiam
1162 2571 1350 2615 quandam
1365 2573 1402 2606 et
1415 2572 1612 2606 scientiam
1631 2571 1781 2606 virtutis

86 2631 120 2664 el
152 2632 240 2671 veri,
274 2631 345 2665 Vld·
379 2631 519 2671 QSDE,
550 2632 595 2666 30
620 2632 666 2666 A.
683 2631 721 2665 Β.
745 2637 840 2672 λέγων
866 2633 973 2675 οἷάπερ
999 2637 1107 2668 εἴωθα,
1134 2636 1179 2664 ὅτι
1206 2633 1228 2663 ὦ
1251 2635 1358 2675 ἄριστε
1384 2636 1513 2675 ἀνδρῶν,
1538 2637 1705 2673 Ἀθηναῖος
1729 2636 1769 2663 ὢν

86 2695 199 2727 πολέως
234 2700 283 2732 τῆς
316 2699 461 2733 μεγίστης
495 2696 543 2724 καὶ
575 2696 822 2733 εὐδυκιμωτάιης
858 2698 898 2729 εἰς
926 2698 1040 2734 σοφίαν
1073 2696 1122 2724 καὶ
1154 2696 1256 2733 ἰσχύν,
1288 2698 1456 2735 χρημάτων
1480 2697 1534 2729 μὲν
1559 2698 1613 2725 οὐκ
1637 2698 1778 2734 αἰσχύνει

87 2756 328 2792 ἐπιμελούμενος,
354 2756 435 2790 ὅπως
465 2766 513 2785 σοι
545 2757 631 2785 ἔσται
662 2758 700 2790 ὡς
731 2759 870 2797 πλεῖστα,
905 2758 955 2786 καὶ
981 2755 1069 2794 δόξης
1097 2757 1146 2785 καὶ
1182 2762 1277 2793 τιμῆς,
1302 2768 1477 2796 φρονησεως
1501 2757 1533 2785 δὲ
1559 2758 1607 2786 καὶ
1632 2758 1780 2794 ἀληθείας

87 2816 136 2845 καὶ
166 2820 218 2853 τῆς
248 2821 361 2854 ψυχῆς,
392 2816 474 2850 ὅπως
498 2818 535 2851 ὡς
557 2819 701 2856 βελτίστη
727 2819 823 2851 ἔσται,
854 2818 908 2846 οὐκ
933 2819 1069 2853 ἐπιμελεῖ
1097 2817 1167 2845 οὐδὲ
1191 2818 1379 2856 φροιτὶζειςς
1404 2834 1491 2837 -—
1516 2819 1564 2847 καὶ
1590 2820 1641 2846 ἐὰν
1666 2829 1718 2853 μοι
1739 2817 1779 2853 μὴ

88 2874 161 2916 δοκῇ
184 2880 356 2914 κεκτῆσθαι
380 2878 500 2917 ἀρετήν,
525 2877 643 2907 ὀνειδιῶ
667 2893 711 2898 ——
733 2878 827 2915 λέγων
852 2878 898 2906 ὅτι
927 2879 981 2907 οὐκ
1008 2880 1039 2906 ἐκ
1064 2879 1232 2917 χρημάτων
1256 2877 1347 2917 ἀρετὴ
1373 2881 1518 2915 γίγνεται,
1542 2879 1603 2908 ἀλλ’
1632 2877 1779 2918 ἐξάρετῆς

86 2939 231 2977 χρήματα
254 2938 303 2966 καὶ
327 2933 420 2966 τᾶλλα
445 2938 554 2974 ἀγαθὰ
574 2944 635 2971 τοῖς
656 2939 839 2977 ἀνθρώποις
861 2939 985 2967 ἅπαντα
1007 2939 1055 2967 καὶ
1082 2938 1145 2975 ἰδίᾳ
1172 2939 1220 2967 καὶ
1247 2938 1392 2976 δημοσίᾳ.

130 2993 226 3035 Quid
253 2996 290 3028 et
316 2994 427 3038 quale
453 2994 517 3029 illa
542 2995 661 3030 virtus
687 2995 855 3030 Socratis
881 2995 1073 3029 sententia
1099 2995 1222 3035 fuerit,
1247 2995 1369 3030 dicere
1396 3007 1469 3029 non
1496 3007 1663 3039 possum.
