2019 3299
910 178 966 219 39

159 301 302 345 Facile
331 301 456 343 nobis
484 300 681 343 videmur
708 300 1006 343 demonstrare
1025 315 1136 356 quae
1156 299 1370 343 volumus.
1392 299 1549 350 Quidni
1569 304 1774 354 putamus

102 376 249 421 omnia
280 375 476 419 Platonis
504 375 665 431 scripta
692 389 766 431 per
791 373 932 417 iocum
961 389 1101 431 neque
1123 374 1236 416 serio
1255 390 1352 417 esse
1371 374 1565 430 scripta?
1594 375 1776 431 Semper

102 451 214 495 enim
262 450 423 494 ironice
471 449 641 493 videtur
686 448 819 506 loqui.
872 449 963 492 Hoc
1010 449 1125 492 enim
1161 449 1240 491 viri
1273 449 1442 499 urbani,
1475 449 1618 507 qualis
1649 450 1774 493 Plato

101 531 205 576 erat,
237 525 435 583 propium
468 529 546 567 est.

157 602 356 645 Praestat
388 605 534 644 autem
570 599 610 642 in
645 605 726 643 hac
753 599 1009 642 difficillima
1036 599 1337 643 controversia
1356 616 1440 642 non
1461 600 1591 644 nimis
1608 600 1776 644 fortiter

98 675 359 720 sententiam
401 675 555 727 dicere,
586 690 724 731 neque
757 689 834 730 pro
862 680 979 717 certo
1013 675 1229 717 affirmare
1261 679 1302 717 et
1334 690 1604 719 asseverare.
1638 675 1775 718 Caute

97 757 137 795 et
183 750 489 808 pedetemptim
538 750 902 806 progrediendum
940 754 1005 792 est
1052 749 1249 792 fontibus
1291 749 1563 799 ducentibus,
1597 751 1775 794 circum-

97 830 242 883 specte
282 826 513 882 agendum.
557 824 729 867 Etenim
773 824 1009 867 admodum
1044 824 1209 867 incerta
1245 829 1285 867 et
1322 824 1490 868 lubrica
1521 825 1628 868 baec
1659 830 1775 875 sunt,

95 905 141 944 ut
187 900 233 944 fit
279 901 320 943 in
369 901 498 944 rebus
546 900 600 943 ad
647 899 902 956 religionem
952 899 1287 955 pertinentibus.
1336 899 1399 942 Ex
1441 900 1548 956 ipsis
1579 900 1775 944 fontibus

96 990 425 1032 nonnumquam
473 974 647 1017 difficile
689 974 954 1030 intellegitur
990 973 1091 1030 quid
1136 973 1476 1030 intellegendum
1515 976 1584 1018 sit.
1617 975 1776 1019 Omnia

95 1050 209 1094 enim
240 1066 353 1107 quae
383 1054 486 1094 sunt
522 1048 738 1093 interioris
772 1049 953 1092 notitiae
985 1049 1156 1092 desunt.
1196 1049 1350 1105 Neque
1384 1049 1669 1106 scriptoribus
1702 1051 1774 1107 qui

94 1126 329 1170 Socraticis
361 1125 681 1169 annumerandi
709 1130 810 1168 sunt
832 1152 879 1156 —
902 1125 1014 1168 alios
1043 1140 1129 1167 non
1164 1140 1427 1181 magnopere
1451 1125 1701 1169 curabimus
1723 1153 1772 1157 —

95 1202 243 1245 onmia
289 1217 400 1258 quae
447 1201 502 1245 ad
549 1200 829 1244 daemonium
877 1199 1090 1256 pertinent
1140 1200 1313 1257 penitus
1346 1201 1520 1255 cognita
1552 1200 1773 1249 habuisse,

96 1292 235 1334 neque
278 1276 407 1333 igitur
449 1276 490 1319 in
535 1275 706 1333 scriptis
743 1275 835 1319 suis
867 1275 1064 1333 potuisse
1103 1291 1319 1332 exponere
1351 1281 1391 1319 et
1418 1292 1774 1325 commemorare,

95 1367 146 1395 ex
189 1351 503 1409 posterioribus
544 1351 829 1408 scriptoribus
862 1351 1163 1408 perspicimus.
1198 1352 1313 1395 Nam
1356 1352 1398 1395 in
1433 1351 1644 1409 opusculo
1677 1351 1775 1394 Plu-

94 1427 230 1471 tarchi
272 1427 340 1470 cui
382 1427 535 1470 titulus
574 1427 651 1481 „de
682 1427 809 1483 genio
843 1427 1082 1477 Socratis’',
1117 1426 1327 1471 Simmias
1361 1432 1563 1471 narratur
1598 1427 1775 1470 interro-

92 1517 222 1559 gasse
265 1502 491 1546 Socratem
533 1503 584 1546 de
626 1502 871 1553 daemonio,
918 1492 1088 1546 nullum
1124 1507 1270 1546 autem
1304 1503 1343 1546 ei
1375 1503 1525 1546 datum
1559 1517 1656 1545 esse
1688 1517 1775 1545 res-

93 1594 295 1636 ponsum.
327 1579 388 1622 De
420 1594 517 1635 gen.
551 1578 671 1622 Soet.
704 1578 783 1622 20:
816 1579 935 1628 αὐτὸς
968 1578 1009 1619 δὲ
1041 1581 1261 1632 Σωκράτην
1292 1578 1363 1631 μὲν
1395 1580 1472 1631 ἔφη
1504 1579 1592 1630 περὶ
1622 1581 1774 1619 τούτων

91 1655 274 1707 ἐρόμενός
306 1670 412 1706 ποτε,
443 1655 495 1706 μὴ
530 1659 656 1707 τυχεῖν
688 1654 946 1707 ἀποκρίσεως,
978 1655 1038 1694 διὸ
1071 1653 1163 1706 μηδ’
1200 1650 1323 1702 αὖθις
1351 1655 1525 1706 ἐρέσθαι.
1551 1653 1586 1696 Ε
1614 1652 1774 1710 quibus

93 1728 237 1772 verbis
264 1728 537 1773 efficiendum
561 1745 658 1773 esse
687 1728 858 1772 videtur
894 1729 1176 1773 Plutarchum
1196 1729 1236 1772 in
1257 1729 1431 1786 scriptis
1449 1729 1772 1773 Socraticorum

90 1803 197 1847 nibil
238 1803 463 1848 invenisse
503 1805 618 1861 quod
658 1804 823 1848 claram
866 1804 1009 1848 lucem
1049 1804 1205 1848 afferre
1248 1809 1395 1862 posset
1427 1805 1527 1848 huic
1560 1805 1773 1848 obscurae

90 1879 352 1936 quaestioni.

146 1954 405 1998 Accuratius
437 1959 584 1998 autern
617 1954 738 1998 locos
770 1955 844 2012 qui
877 1955 962 1999 huc
990 1955 1156 1998 faciunt
1185 1955 1543 2012 contemplemur.
1567 1956 1773 2000 Fortasse

87 2029 250 2073 alicubi
296 2030 527 2086 vestigium
576 2030 752 2087 aliquod
799 2031 918 2074 latet.
966 2030 1159 2074 Primum
1193 2031 1236 2074 in
1269 2031 1364 2074 loco
1398 2046 1420 2074 e
1452 2031 1636 2075 Phaedr.
1671 2031 1772 2075 dial.

87 2104 409 2162 interpretando
451 2105 768 2162 aliquantisper
809 2106 1102 2150 detinebimur
1139 2122 1196 2149 sc.
1231 2106 1316 2149 242
1335 2106 1381 2149 C.
1416 2106 1620 2151 Socrates
1652 2107 1771 2151 abire

32 2181 35 2185 '
89 2179 264 2224 volebat
296 2185 336 2223 et
368 2180 411 2224 in
444 2196 494 2224 eo
524 2186 615 2224 erat
642 2186 687 2224 ut
715 2182 877 2225 flumen
906 2182 1125 2237 transiret,
1144 2197 1241 2225 cum
1261 2182 1408 2225 subito
1427 2182 1471 2225 fit
1491 2182 1769 2226 daemonium

88 2255 276 2313 signum,
324 2256 439 2313 quod
487 2272 586 2299 eum
629 2273 806 2301 monere
840 2257 1024 2301 solebat.
1056 2257 1221 2301 Audire
1249 2258 1333 2300 sibi
1368 2257 1489 2302 visus
1522 2262 1586 2301 est
1621 2274 1770 2301 vocem

86 2331 278 2389 aliquam
313 2348 424 2390 quae
457 2348 543 2376 non
576 2333 750 2377 sinebat
783 2349 881 2377 eum
914 2334 1033 2377 abire
1066 2333 1321 2391 priusquam
1355 2333 1622 2390 expiavisset
1655 2335 1770 2391 quod

87 2422 190 2463 erga
222 2407 351 2451 deum
385 2408 668 2465 peccavisset.
701 2408 928 2452 Phaedrus
971 2395 1144 2451 iuv'enis
1178 2409 1285 2452 baec
1319 2409 1452 2453 verba
1484 2409 1771 2453 mirabundus

86 2482 277 2531 audivit;
326 2487 370 2526 ut
416 2483 529 2527 hanc
573 2483 910 2527 admirationem
958 2483 1143 2534 auferat,
1191 2484 1360 2540 opinor,
1408 2484 1611 2528 Socrates
1662 2485 1770 2528 haec

85 2556 227 2600 addit:
265 2558 341 2609 εἰμὶ
386 2559 435 2610 δὴ
476 2555 549 2599 οὖν
592 2561 728 2610 μάντις
771 2560 856 2611 μέν,
892 2561 939 2600 οὐ
973 2561 1081 2600 πάνυ
1115 2559 1157 2599 δὲ
1193 2561 1426 2611 σπουδαῖος,
1457 2560 1533 2600 ἀλλ)
1570 2562 1700 2613 ὥσπερ
1732 2563 1773 2601 οἱ

82 2632 127 2671 τὰ
158 2635 365 2685 γράμματα
397 2639 560 2685 φαῦλοι,
600 2635 694 2674 ὅσον
737 2634 808 2685 μὲν
852 2635 1005 2690 ἐμαυτῷ
1048 2636 1173 2686 μόνον
1216 2636 1364 2683 ἱκανός·
1408 2643 1545 2686 σαφῶς
1582 2632 1656 2676 οὖν
1688 2636 1768 2688 ἤδη

81 2709 280 2757 μανθάνω
311 2709 353 2748 τὸ
385 2707 608 2761 ἁμάρτημά
641 2709 692 2757 ὡς
726 2711 775 2759 δή
808 2726 879 2762 τοι,
910 2706 939 2749 ὦ
972 2710 1111 2762 ἑταῖρε,
1142 2711 1335 2760 μαντικόν
1366 2712 1408 2762 γε’
1440 2727 1474 2750 τι
1500 2711 1566 2750 καὶ
1592 2710 1616 2763 ἡ
1645 2713 1766 2763 ψυχή·

85 2781 149 2834 ἐμὲ
178 2783 251 2836 γὰρ
284 2784 427 2836 ἔθραξε
458 2783 529 2834 μέν
560 2800 595 2823 τι
627 2784 689 2824 καὶ
723 2787 845 2824 πάλαι
872 2785 1035 2838 λέγοντα
1061 2785 1129 2824 τὸν
1146 2786 1279 2837 λόγον,
1294 2787 1362 2824 καί
1376 2801 1458 2833 πως
1475 2786 1767 2838 ἐδυσωπούμην

82 2855 162 2897 κατ’
188 2857 363 2911 Ἴβυκον,
394 2860 446 2910 μή
478 2875 512 2898 τι
543 2859 650 2911 παρὰ
680 2864 793 2907 θεοῖς
825 2860 1040 2912 ἀμβλακὼν
1073 2859 1188 2911 τιμὰν
1219 2860 1316 2912 πρὸς
1343 2860 1572 2913 ἀνθρώπων
1599 2861 1768 2913 ἀμείψω·

95 2940 171 2972 νῦν
207 2932 243 2973 δ’
280 2934 462 2989 ᾔσθημαι
497 2935 539 2974 τὸ
571 2934 790 2987 ἁμάρτημα.
