<?xml version="1.0" encoding="UTF-8"?>
<!DOCTYPE html PUBLIC "-//W3C//DTD XHTML 1.0 Transitional//EN"
    "http://www.w3.org/TR/xhtml1/DTD/xhtml1-transitional.dtd">
<html xmlns="http://www.w3.org/1999/xhtml" xml:lang="en" lang="en">
 <head>
  <title>
</title>
<meta http-equiv="Content-Type" content="text/html;charset=utf-8" />
  <meta name='ocr-system' content='tesseract 3.04.00' />
  <meta name='ocr-capabilities' content='ocr_page ocr_carea ocr_par ocr_line ocrx_word'/>
</head>
<body>
  <div class='ocr_page' id='page_1' title='image "./deapologiaxenoph00vrijuoft_0069.png"; bbox 0 0 2019 3299; ppageno 0'>
   <div class='ocr_carea' id='block_1_1' title="bbox 892 168 948 211">
    <p class='ocr_par' dir='ltr' id='par_1_1' title="bbox 892 168 948 211">
     <span class='ocr_line' id='line_1_1' title="bbox 892 168 948 211; baseline 0 0"><span class='ocrx_word' id='word_1_1' title='bbox 892 168 948 211; x_wconf 80' lang='lat'>45</span> 
     </span>
    </p>
   </div>
   <div class='ocr_carea' id='block_1_2' title="bbox 48 290 1812 2985">
    <p class='ocr_par' dir='ltr' id='par_1_2' title="bbox 79 290 1754 422">
     <span class='ocr_line' id='line_1_2' title="bbox 79 290 1754 355; baseline -0.004 -15"><span class='ocrx_word' id='word_1_2' title='bbox 79 301 243 355; x_wconf 91' lang='lat' dir='ltr'>gnaret.</span> <span class='ocrx_word' id='word_1_3' title='bbox 286 295 399 338; x_wconf 93' lang='lat' dir='ltr'>Toto</span> <span class='ocrx_word' id='word_1_4' title='bbox 440 294 534 338; x_wconf 92' lang='lat' dir='ltr'>loco</span> <span class='ocrx_word' id='word_1_5' title='bbox 576 292 649 350; x_wconf 91' lang='lat' dir='ltr'>qui</span> <span class='ocrx_word' id='word_1_6' title='bbox 682 293 733 336; x_wconf 91' lang='lat' dir='ltr'>de</span> <span class='ocrx_word' id='word_1_7' title='bbox 766 291 996 335; x_wconf 88' lang='lat' dir='ltr'>daemonio</span> <span class='ocrx_word' id='word_1_8' title='bbox 1029 291 1119 346; x_wconf 91' lang='lat' dir='ltr'>agit</span> <span class='ocrx_word' id='word_1_9' title='bbox 1150 291 1191 333; x_wconf 86' lang='lat' dir='ltr'>in</span> <span class='ocrx_word' id='word_1_10' title='bbox 1225 290 1352 346; x_wconf 86' lang='lat' dir='ltr'>Apol.</span> <span class='ocrx_word' id='word_1_11' title='bbox 1386 290 1499 333; x_wconf 91' lang='lat' dir='ltr'>Xen.</span> <span class='ocrx_word' id='word_1_12' title='bbox 1533 305 1754 346; x_wconf 89' lang='lat' dir='ltr'>oppugna-</span> 
     </span>
     <span class='ocr_line' id='line_1_3' title="bbox 80 364 1650 422; baseline -0.006 -6"><span class='ocrx_word' id='word_1_13' title='bbox 80 372 301 416; x_wconf 89' lang='lat' dir='ltr'>nationem</span> <span class='ocrx_word' id='word_1_14' title='bbox 334 369 528 413; x_wconf 81' lang='lat' dir='ltr'>Platonis</span> <span class='ocrx_word' id='word_1_15' title='bbox 562 368 705 411; x_wconf 89' lang='lat' dir='ltr'>videre</span> <span class='ocrx_word' id='word_1_16' title='bbox 739 382 825 409; x_wconf 91' lang='lat' dir='ltr'>non</span> <span class='ocrx_word' id='word_1_17' title='bbox 860 381 1054 422; x_wconf 80' lang='lat' dir='ltr'>possum.</span> <span class='ocrx_word' id='word_1_18' title='bbox 1089 365 1217 421; x_wconf 90' lang='lat' dir='ltr'>Apud</span> <span class='ocrx_word' id='word_1_19' title='bbox 1250 365 1476 408; x_wconf 90' lang='lat' dir='ltr'>Platonem</span> <span class='ocrx_word' id='word_1_20' title='bbox 1513 364 1650 407; x_wconf 89' lang='lat' dir='ltr'>video.</span> 
     </span>
    </p>

    <p class='ocr_par' dir='ltr' id='par_1_3' title="bbox 142 439 1555 500">
     <span class='ocr_line' id='line_1_4' title="bbox 142 439 1555 500; baseline -0.006 -11"><span class='ocrx_word' id='word_1_21' title='bbox 142 447 234 490; x_wconf 88' lang='lat' dir='ltr'>l-lac</span> <span class='ocrx_word' id='word_1_22' title='bbox 264 450 411 489; x_wconf 88' lang='lat' dir='ltr'>autem</span> <span class='ocrx_word' id='word_1_23' title='bbox 445 444 496 487; x_wconf 91' lang='lat' dir='ltr'>de</span> <span class='ocrx_word' id='word_1_24' title='bbox 527 442 785 500; x_wconf 84' lang='lat' dir='ltr'>quaestione</span> <span class='ocrx_word' id='word_1_25' title='bbox 818 441 944 498; x_wconf 90' lang='lat' dir='ltr'>plura</span> <span class='ocrx_word' id='word_1_26' title='bbox 976 445 1128 498; x_wconf 87' lang='lat' dir='ltr'>postea</span> <span class='ocrx_word' id='word_1_27' title='bbox 1159 440 1201 482; x_wconf 92' lang='lat' dir='ltr'>in</span> <span class='ocrx_word' id='word_1_28' title='bbox 1235 440 1338 496; x_wconf 89' lang='lat' dir='ltr'>Cap.</span> <span class='ocrx_word' id='word_1_29' title='bbox 1372 439 1447 493; x_wconf 93' lang='grc' dir='ltr'>ΙΙΙ,</span> <span class='ocrx_word' id='word_1_30' title='bbox 1482 439 1555 482; x_wconf 79' lang='lat' dir='ltr'>IV.</span> 
     </span>
    </p>

    <p class='ocr_par' dir='ltr' id='par_1_4' title="bbox 79 513 1812 1177">
     <span class='ocr_line' id='line_1_5' title="bbox 138 513 1758 565; baseline -0.006 0"><span class='ocrx_word' id='word_1_31' title='bbox 138 521 267 565; x_wconf 89' lang='lat' dir='ltr'>Nunc</span> <span class='ocrx_word' id='word_1_32' title='bbox 313 523 460 564; x_wconf 88' lang='lat' dir='ltr'>autem</span> <span class='ocrx_word' id='word_1_33' title='bbox 511 517 599 561; x_wconf 90' lang='lat' dir='ltr'>alia</span> <span class='ocrx_word' id='word_1_34' title='bbox 645 533 724 560; x_wconf 84' lang='lat' dir='ltr'>uos</span> <span class='ocrx_word' id='word_1_35' title='bbox 767 520 960 559; x_wconf 88' lang='lat' dir='ltr'>manent.</span> <span class='ocrx_word' id='word_1_36' title='bbox 994 515 1158 557; x_wconf 84' lang='lat' dir='ltr'>Vereor</span> <span class='ocrx_word' id='word_1_37' title='bbox 1188 514 1320 563; x_wconf 89' lang='lat' dir='ltr'>enim,</span> <span class='ocrx_word' id='word_1_38' title='bbox 1354 514 1451 557; x_wconf 91' lang='lat' dir='ltr'>licet</span> <span class='ocrx_word' id='word_1_39' title='bbox 1483 513 1607 557; x_wconf 91' lang='lat' dir='ltr'>Plato</span> <span class='ocrx_word' id='word_1_40' title='bbox 1642 514 1758 557; x_wconf 91' lang='lat' dir='ltr'>haud</span> 
     </span>
     <span class='ocr_line' id='line_1_6' title="bbox 79 589 1757 641; baseline -0.006 0"><span class='ocrx_word' id='word_1_41' title='bbox 79 596 221 641; x_wconf 88' lang='lat' dir='ltr'>dubiis</span> <span class='ocrx_word' id='word_1_42' title='bbox 265 594 408 639; x_wconf 87' lang='lat' dir='ltr'>verbis</span> <span class='ocrx_word' id='word_1_43' title='bbox 443 592 765 638; x_wconf 91' lang='lat' dir='ltr'>asseveraverit</span> <span class='ocrx_word' id='word_1_44' title='bbox 799 607 887 634; x_wconf 90' lang='lat' dir='ltr'>non</span> <span class='ocrx_word' id='word_1_45' title='bbox 920 590 1144 634; x_wconf 88' lang='lat' dir='ltr'>adhortari</span> <span class='ocrx_word' id='word_1_46' title='bbox 1176 589 1471 639; x_wconf 90' lang='lat' dir='ltr'>daemonium,</span> <span class='ocrx_word' id='word_1_47' title='bbox 1516 605 1568 632; x_wconf 90' lang='lat' dir='ltr'>ne</span> <span class='ocrx_word' id='word_1_48' title='bbox 1601 589 1682 632; x_wconf 89' lang='lat' dir='ltr'>hac</span> <span class='ocrx_word' id='word_1_49' title='bbox 1716 589 1757 632; x_wconf 94' lang='lat' dir='ltr'>in</span> 
     </span>
     <span class='ocr_line' id='line_1_7' title="bbox 80 664 1758 717; baseline -0.006 -1"><span class='ocrx_word' id='word_1_50' title='bbox 80 689 125 717; x_wconf 89' lang='lat' dir='ltr'>re</span> <span class='ocrx_word' id='word_1_51' title='bbox 175 671 258 715; x_wconf 88' lang='lat' dir='ltr'>sibi</span> <span class='ocrx_word' id='word_1_52' title='bbox 298 674 551 714; x_wconf 79' lang='lat' dir='ltr'>constanter</span> <span class='ocrx_word' id='word_1_53' title='bbox 593 683 680 711; x_wconf 95' lang='lat' dir='ltr'>non</span> <span class='ocrx_word' id='word_1_54' title='bbox 724 666 851 710; x_wconf 89' lang='lat' dir='ltr'>dicat.</span> <span class='ocrx_word' id='word_1_55' title='bbox 884 665 933 709; x_wconf 90' lang='lat' dir='ltr'>In</span> <span class='ocrx_word' id='word_1_56' title='bbox 967 665 1203 709; x_wconf 81' lang='lat' dir='ltr'>Phaedone</span> <span class='ocrx_word' id='word_1_57' title='bbox 1235 664 1342 708; x_wconf 87' lang='lat' dir='ltr'>60E</span> <span class='ocrx_word' id='word_1_58' title='bbox 1376 664 1596 708; x_wconf 91' lang='lat' dir='ltr'>somnium</span> <span class='ocrx_word' id='word_1_59' title='bbox 1631 664 1758 707; x_wconf 86' lang='lat' dir='ltr'>nobis</span> 
     </span>
     <span class='ocr_line' id='line_1_8' title="bbox 81 739 1760 800; baseline -0.004 -9"><span class='ocrx_word' id='word_1_60' title='bbox 81 751 295 791; x_wconf 78' lang='lat' dir='ltr'>narratur.</span> <span class='ocrx_word' id='word_1_61' title='bbox 343 745 506 788; x_wconf 92' lang='lat' dir='ltr'>Iterum</span> <span class='ocrx_word' id='word_1_62' title='bbox 554 747 685 800; x_wconf 91' lang='lat' dir='ltr'>atque</span> <span class='ocrx_word' id='word_1_63' title='bbox 742 742 897 785; x_wconf 90' lang='lat' dir='ltr'>iterum</span> <span class='ocrx_word' id='word_1_64' title='bbox 946 739 1136 797; x_wconf 85' lang='lat' dir='ltr'>sapienti</span> <span class='ocrx_word' id='word_1_65' title='bbox 1191 744 1341 783; x_wconf 87' lang='lat' dir='ltr'>nostro</span> <span class='ocrx_word' id='word_1_66' title='bbox 1389 739 1531 783; x_wconf 85' lang='lat' dir='ltr'>visum</span> <span class='ocrx_word' id='word_1_67' title='bbox 1584 740 1760 797; x_wconf 90' lang='lat' dir='ltr'>aliquod</span> 
     </span>
     <span class='ocr_line' id='line_1_9' title="bbox 81 815 1762 879; baseline -0.004 -14"><span class='ocrx_word' id='word_1_68' title='bbox 81 821 318 879; x_wconf 89' lang='lat' dir='ltr'>apparebat</span> <span class='ocrx_word' id='word_1_69' title='bbox 359 820 475 877; x_wconf 90' lang='lat' dir='ltr'>quod</span> <span class='ocrx_word' id='word_1_70' title='bbox 517 834 616 862; x_wconf 89' lang='lat' dir='ltr'>eum</span> <span class='ocrx_word' id='word_1_71' title='bbox 658 817 986 866; x_wconf 79' lang='lat' dir='ltr'>adhortabatur,</span> <span class='ocrx_word' id='word_1_72' title='bbox 1020 816 1152 858; x_wconf 92' lang='lat' dir='ltr'>immo</span> <span class='ocrx_word' id='word_1_73' title='bbox 1185 815 1530 872; x_wconf 75' lang='lat' dir='ltr'>persequebatur</span> <span class='ocrx_word' id='word_1_74' title='bbox 1560 815 1762 859; x_wconf 87' lang='lat' dir='ltr'>adhorta—</span> 
     </span>
     <span class='ocr_line' id='line_1_10' title="bbox 80 890 1812 949; baseline -0.003 -9"><span class='ocrx_word' id='word_1_75' title='bbox 80 896 284 940; x_wconf 87' lang='lat' dir='ltr'>tionibus.</span> <span class='ocrx_word' id='word_1_76' title='bbox 336 894 464 938; x_wconf 87' lang='lat' dir='ltr'>Vocis</span> <span class='ocrx_word' id='word_1_77' title='bbox 511 893 627 937; x_wconf 87' lang='lat' dir='ltr'>illius</span> <span class='ocrx_word' id='word_1_78' title='bbox 678 920 726 925; x_wconf 87' lang='lat'>—</span> <span class='ocrx_word' id='word_1_79' title='bbox 775 907 907 949; x_wconf 89' lang='lat' dir='ltr'>quam</span> <span class='ocrx_word' id='word_1_80' title='bbox 965 891 1160 934; x_wconf 90' lang='lat' dir='ltr'>divinam</span> <span class='ocrx_word' id='word_1_81' title='bbox 1208 890 1347 934; x_wconf 86' lang='lat' dir='ltr'>fuisse</span> <span class='ocrx_word' id='word_1_82' title='bbox 1395 895 1512 947; x_wconf 90' lang='lat' dir='ltr'>patet</span> <span class='ocrx_word' id='word_1_83' title='bbox 1559 907 1580 934; x_wconf 90' lang='lat' dir='ltr'>e</span> <span class='ocrx_word' id='word_1_84' title='bbox 1631 892 1762 935; x_wconf 90' lang='lat' dir='ltr'>verbo</span> <span class='ocrx_word' id='word_1_85' title='bbox 1808 919 1812 922; x_wconf 99' lang='lat'>-</span> 
     </span>
     <span class='ocr_line' id='line_1_11' title="bbox 80 967 1760 1024; baseline -0.004 -11"><span class='ocrx_word' id='word_1_86' title='bbox 80 973 373 1024; x_wconf 79' lang='grc' dir='ltr'><em>ἀφοσιούμενος</em></span> <span class='ocrx_word' id='word_1_87' title='bbox 424 996 473 1000; x_wconf 89' lang='lat'>—-</span> <span class='ocrx_word' id='word_1_88' title='bbox 518 969 652 1012; x_wconf 77' lang='lat' dir='ltr'>verba</span> <span class='ocrx_word' id='word_1_89' title='bbox 697 967 895 1011; x_wconf 78' lang='lat' dir='ltr'>fuerunt:</span> <span class='ocrx_word' id='word_1_90' title='bbox 945 967 1142 1019; x_wconf 82' lang='grc' dir='ltr'><em>μουσικὴν</em></span> <span class='ocrx_word' id='word_1_91' title='bbox 1188 969 1291 1006; x_wconf 84' lang='grc' dir='ltr'><em>ποίει</em></span> <span class='ocrx_word' id='word_1_92' title='bbox 1337 967 1403 1005; x_wconf 83' lang='grc' dir='ltr'>καὶ</span> <span class='ocrx_word' id='word_1_93' title='bbox 1445 967 1618 1019; x_wconf 78' lang='grc' dir='ltr'><em>ἐργάζου.</em></span> <span class='ocrx_word' id='word_1_94' title='bbox 1652 967 1760 1010; x_wconf 83' lang='lat' dir='ltr'>Rem</span> 
     </span>
     <span class='ocr_line' id='line_1_12' title="bbox 83 1040 1761 1103; baseline -0.002 -13"><span class='ocrx_word' id='word_1_95' title='bbox 83 1061 251 1091; x_wconf 90' lang='lat' dir='ltr'>sacram</span> <span class='ocrx_word' id='word_1_96' title='bbox 285 1060 491 1103; x_wconf 85' lang='lat' dir='ltr'>peragere</span> <span class='ocrx_word' id='word_1_97' title='bbox 524 1044 673 1088; x_wconf 85' lang='lat' dir='ltr'>iussus</span> <span class='ocrx_word' id='word_1_98' title='bbox 705 1047 784 1086; x_wconf 88' lang='lat' dir='ltr'>est.</span> <span class='ocrx_word' id='word_1_99' title='bbox 819 1041 978 1086; x_wconf 84' lang='lat' dir='ltr'>Tutius</span> <span class='ocrx_word' id='word_1_100' title='bbox 1011 1046 1051 1085; x_wconf 92' lang='lat' dir='ltr'>et</span> <span class='ocrx_word' id='word_1_101' title='bbox 1086 1040 1242 1084; x_wconf 90' lang='lat' dir='ltr'>melius</span> <span class='ocrx_word' id='word_1_102' title='bbox 1271 1045 1363 1084; x_wconf 91' lang='lat' dir='ltr'>erat</span> <span class='ocrx_word' id='word_1_103' title='bbox 1395 1056 1480 1084; x_wconf 91' lang='lat' dir='ltr'>non</span> <span class='ocrx_word' id='word_1_104' title='bbox 1514 1041 1634 1085; x_wconf 89' lang='lat' dir='ltr'>abire</span> <span class='ocrx_word' id='word_1_105' title='bbox 1667 1042 1692 1085; x_wconf 93' lang='lat' dir='ltr'>i.</span> <span class='ocrx_word' id='word_1_106' title='bbox 1726 1059 1761 1086; x_wconf 95' lang='lat' dir='ltr'>e.</span> 
     </span>
     <span class='ocr_line' id='line_1_13' title="bbox 83 1117 1361 1177; baseline -0.005 -11"><span class='ocrx_word' id='word_1_107' title='bbox 83 1122 302 1166; x_wconf 86' lang='lat' dir='ltr'>discedere</span> <span class='ocrx_word' id='word_1_108' title='bbox 333 1137 355 1165; x_wconf 90' lang='lat' dir='ltr'>e</span> <span class='ocrx_word' id='word_1_109' title='bbox 389 1120 492 1175; x_wconf 83' lang='lat' dir='ltr'>vita⁷</span> <span class='ocrx_word' id='word_1_110' title='bbox 525 1121 781 1177; x_wconf 86' lang='lat' dir='ltr'>priusquam</span> <span class='ocrx_word' id='word_1_111' title='bbox 815 1118 955 1162; x_wconf 74' lang='lat' dir='ltr'>officio</span> <span class='ocrx_word' id='word_1_112' title='bbox 989 1134 1036 1161; x_wconf 87' lang='lat' dir='ltr'>se</span> <span class='ocrx_word' id='word_1_113' title='bbox 1068 1117 1361 1161; x_wconf 82' lang='lat' dir='ltr'>liberavisset.</span> 
     </span>
    </p>

    <p class='ocr_par' dir='ltr' id='par_1_5' title="bbox 48 1192 1768 1555">
     <span class='ocr_line' id='line_1_14' title="bbox 142 1192 1762 1246; baseline -0.003 -5"><span class='ocrx_word' id='word_1_114' title='bbox 142 1197 272 1241; x_wconf 92' lang='lat' dir='ltr'>Nunc</span> <span class='ocrx_word' id='word_1_115' title='bbox 298 1201 443 1241; x_wconf 89' lang='lat' dir='ltr'>autem</span> <span class='ocrx_word' id='word_1_116' title='bbox 472 1195 716 1239; x_wconf 90' lang='lat' dir='ltr'>Phaedrum</span> <span class='ocrx_word' id='word_1_117' title='bbox 736 1193 1046 1246; x_wconf 88' lang='lat' dir='ltr'>inspiciamus;</span> <span class='ocrx_word' id='word_1_118' title='bbox 1074 1193 1160 1236; x_wconf 72' lang='lat'>242</span> <span class='ocrx_word' id='word_1_119' title='bbox 1179 1192 1210 1236; x_wconf 91' lang='lat' dir='ltr'>C</span> <span class='ocrx_word' id='word_1_120' title='bbox 1237 1192 1519 1236; x_wconf 87' lang='lat' dir='ltr'>daemonium</span> <span class='ocrx_word' id='word_1_121' title='bbox 1537 1192 1762 1237; x_wconf 83' lang='lat' dir='ltr'>Socratem</span> 
     </span>
     <span class='ocr_line' id='line_1_15' title="bbox 48 1268 1766 1328; baseline -0.006 -11"><span class='ocrx_word' id='word_1_122' title='bbox 48 1272 51 1274; x_wconf 62' lang='grc'><strong>’</strong></span> <span class='ocrx_word' id='word_1_123' title='bbox 85 1274 245 1316; x_wconf 86' lang='lat' dir='ltr'>flumen</span> <span class='ocrx_word' id='word_1_124' title='bbox 277 1271 464 1316; x_wconf 86' lang='lat' dir='ltr'>transire</span> <span class='ocrx_word' id='word_1_125' title='bbox 498 1270 718 1328; x_wconf 84' lang='lat' dir='ltr'>prohibet:</span> <span class='ocrx_word' id='word_1_126' title='bbox 754 1271 776 1321; x_wconf 78' lang='grc' dir='ltr'><strong><em>ἥ</em></strong></span> <span class='ocrx_word' id='word_1_127' title='bbox 809 1286 854 1319; x_wconf 87' lang='grc' dir='ltr'>με</span> <span class='ocrx_word' id='word_1_128' title='bbox 888 1271 960 1310; x_wconf 83' lang='grc' dir='ltr'>οὐκ</span> <span class='ocrx_word' id='word_1_129' title='bbox 993 1270 1036 1324; x_wconf 73' lang='grc' dir='ltr'>ἐᾷ</span> <span class='ocrx_word' id='word_1_130' title='bbox 1068 1270 1228 1308; x_wconf 64' lang='grc' dir='ltr'>ἀπιέναι</span> <span class='ocrx_word' id='word_1_131' title='bbox 1263 1270 1354 1317; x_wconf 72' lang='grc' dir='ltr'>πρὶν</span> <span class='ocrx_word' id='word_1_132' title='bbox 1386 1268 1435 1307; x_wconf 75' lang='grc' dir='ltr'>ἂν</span> <span class='ocrx_word' id='word_1_133' title='bbox 1469 1269 1766 1320; x_wconf 68' lang='grc' dir='ltr'>ἀφοσιώσωμαι.</span> 
     </span>
     <span class='ocr_line' id='line_1_16' title="bbox 84 1343 1768 1392; baseline -0.003 0"><span class='ocrx_word' id='word_1_134' title='bbox 84 1347 133 1391; x_wconf 94' lang='lat' dir='ltr'>In</span> <span class='ocrx_word' id='word_1_135' title='bbox 165 1347 398 1392; x_wconf 89' lang='lat' dir='ltr'>Phaedone</span> <span class='ocrx_word' id='word_1_136' title='bbox 422 1346 564 1390; x_wconf 86' lang='lat' dir='ltr'>visum</span> <span class='ocrx_word' id='word_1_137' title='bbox 592 1344 744 1388; x_wconf 85' lang='lat' dir='ltr'>incitat</span> <span class='ocrx_word' id='word_1_138' title='bbox 773 1348 817 1388; x_wconf 90' lang='lat' dir='ltr'>ut</span> <span class='ocrx_word' id='word_1_139' title='bbox 843 1359 995 1387; x_wconf 87' lang='lat' dir='ltr'>versus</span> <span class='ocrx_word' id='word_1_140' title='bbox 1022 1343 1154 1387; x_wconf 89' lang='lat' dir='ltr'>faciat</span> <span class='ocrx_word' id='word_1_141' title='bbox 1183 1348 1224 1386; x_wconf 84' lang='lat' dir='ltr'>et</span> <span class='ocrx_word' id='word_1_142' title='bbox 1251 1343 1455 1387; x_wconf 86' lang='lat' dir='ltr'>Socrates</span> <span class='ocrx_word' id='word_1_143' title='bbox 1473 1343 1768 1387; x_wconf 86' lang='lat' dir='ltr'>arbitrabatur</span> 
     </span>
     <span class='ocr_line' id='line_1_17' title="bbox 84 1418 1763 1475; baseline -0.001 -11"><span class='ocrx_word' id='word_1_144' title='bbox 84 1424 376 1475; x_wconf 80' lang='grc' dir='ltr'><em>ἀσφαλέστερον</em></span> <span class='ocrx_word' id='word_1_145' title='bbox 421 1420 522 1462; x_wconf 83' lang='grc' dir='ltr'><em>εἶναι</em></span> <span class='ocrx_word' id='word_1_146' title='bbox 569 1422 620 1473; x_wconf 82' lang='grc' dir='ltr'>μὴ</span> <span class='ocrx_word' id='word_1_147' title='bbox 666 1421 826 1461; x_wconf 71' lang='grc' dir='ltr'><em>ἀπιέναι</em></span> <span class='ocrx_word' id='word_1_148' title='bbox 872 1421 965 1473; x_wconf 81' lang='grc' dir='ltr'><em>πρὶν</em></span> <span class='ocrx_word' id='word_1_149' title='bbox 1012 1421 1332 1471; x_wconf 79' lang='grc' dir='ltr'><em>ἀφοσιώσασθαι.</em></span> <span class='ocrx_word' id='word_1_150' title='bbox 1366 1418 1577 1462; x_wconf 82' lang='lat' dir='ltr'>Videmus</span> <span class='ocrx_word' id='word_1_151' title='bbox 1626 1420 1763 1463; x_wconf 81' lang='lat' dir='ltr'>isdem</span> 
     </span>
     <span class='ocr_line' id='line_1_18' title="bbox 87 1497 621 1555; baseline -0.006 -12"><span class='ocrx_word' id='word_1_152' title='bbox 87 1499 230 1544; x_wconf 88' lang='lat' dir='ltr'>verbis</span> <span class='ocrx_word' id='word_1_153' title='bbox 260 1498 322 1543; x_wconf 88' lang='lat' dir='ltr'>uti</span> <span class='ocrx_word' id='word_1_154' title='bbox 352 1497 621 1555; x_wconf 87' lang='lat' dir='ltr'>scriptorem.</span> 
     </span>
    </p>

    <p class='ocr_par' dir='ltr' id='par_1_6' title="bbox 86 1569 1765 1770">
     <span class='ocr_line' id='line_1_19' title="bbox 145 1569 1765 1629; baseline -0.003 -11"><span class='ocrx_word' id='word_1_155' title='bbox 145 1575 191 1618; x_wconf 90' lang='lat' dir='ltr'>In</span> <span class='ocrx_word' id='word_1_156' title='bbox 238 1574 473 1618; x_wconf 90' lang='lat' dir='ltr'>Phaedone</span> <span class='ocrx_word' id='word_1_157' title='bbox 518 1576 737 1629; x_wconf 85' lang='lat' dir='ltr'>spectrum</span> <span class='ocrx_word' id='word_1_158' title='bbox 784 1587 883 1615; x_wconf 92' lang='lat' dir='ltr'>eum</span> <span class='ocrx_word' id='word_1_159' title='bbox 927 1570 1268 1628; x_wconf 82' lang='lat' dir='ltr'>persequebatur</span> <span class='ocrx_word' id='word_1_160' title='bbox 1308 1569 1692 1614; x_wconf 86' lang='lat' dir='ltr'>adhortationibus</span> <span class='ocrx_word' id='word_1_161' title='bbox 1726 1575 1765 1613; x_wconf 92' lang='lat' dir='ltr'>et</span> 
     </span>
     <span class='ocr_line' id='line_1_20' title="bbox 86 1645 1761 1707; baseline -0.004 -13"><span class='ocrx_word' id='word_1_162' title='bbox 86 1651 220 1695; x_wconf 91' lang='lat' dir='ltr'>verba</span> <span class='ocrx_word' id='word_1_163' title='bbox 264 1650 524 1707; x_wconf 87' lang='lat' dir='ltr'>loquebatur</span> <span class='ocrx_word' id='word_1_164' title='bbox 569 1665 591 1692; x_wconf 93' lang='lat' dir='ltr'>e</span> <span class='ocrx_word' id='word_1_165' title='bbox 647 1647 808 1705; x_wconf 86' lang='lat' dir='ltr'>quibus</span> <span class='ocrx_word' id='word_1_166' title='bbox 863 1647 1141 1704; x_wconf 87' lang='lat' dir='ltr'>aliquatenus</span> <span class='ocrx_word' id='word_1_167' title='bbox 1198 1645 1391 1702; x_wconf 83' lang='lat' dir='ltr'>intellegi</span> <span class='ocrx_word' id='word_1_168' title='bbox 1444 1650 1611 1698; x_wconf 89' lang='lat' dir='ltr'>poterat</span> <span class='ocrx_word' id='word_1_169' title='bbox 1658 1645 1761 1703; x_wconf 90' lang='lat' dir='ltr'>quid</span> 
     </span>
     <span class='ocr_line' id='line_1_21' title="bbox 86 1726 497 1770; baseline -0.005 0"><span class='ocrx_word' id='word_1_170' title='bbox 86 1726 333 1770; x_wconf 87' lang='lat' dir='ltr'>faciendum</span> <span class='ocrx_word' id='word_1_171' title='bbox 367 1729 497 1769; x_wconf 87' lang='lat' dir='ltr'>esset.</span> 
     </span>
    </p>

    <p class='ocr_par' dir='ltr' id='par_1_7' title="bbox 87 1795 1772 2158">
     <span class='ocr_line' id='line_1_22' title="bbox 145 1795 1768 1855; baseline -0.004 -10"><span class='ocrx_word' id='word_1_172' title='bbox 145 1801 199 1845; x_wconf 92' lang='lat' dir='ltr'>Et</span> <span class='ocrx_word' id='word_1_173' title='bbox 238 1801 280 1844; x_wconf 92' lang='lat' dir='ltr'>in</span> <span class='ocrx_word' id='word_1_174' title='bbox 322 1800 556 1845; x_wconf 78' lang='lat' dir='ltr'>Phaedro?</span> <span class='ocrx_word' id='word_1_175' title='bbox 598 1798 828 1843; x_wconf 89' lang='lat' dir='ltr'>Daemonii</span> <span class='ocrx_word' id='word_1_176' title='bbox 865 1813 1038 1855; x_wconf 86' lang='lat' dir='ltr'>quoque</span> <span class='ocrx_word' id='word_1_177' title='bbox 1073 1812 1157 1841; x_wconf 89' lang='lat' dir='ltr'>vox</span> <span class='ocrx_word' id='word_1_178' title='bbox 1189 1796 1403 1840; x_wconf 89' lang='lat' dir='ltr'>nonnulla</span> <span class='ocrx_word' id='word_1_179' title='bbox 1436 1797 1570 1840; x_wconf 88' lang='lat' dir='ltr'>verba</span> <span class='ocrx_word' id='word_1_180' title='bbox 1600 1795 1768 1839; x_wconf 83' lang='lat' dir='ltr'>edidit?</span> 
     </span>
     <span class='ocr_line' id='line_1_23' title="bbox 87 1871 1767 1934; baseline -0.003 -14"><span class='ocrx_word' id='word_1_181' title='bbox 87 1876 423 1934; x_wconf 89' lang='lat' dir='ltr'>Loquebaturne</span> <span class='ocrx_word' id='word_1_182' title='bbox 454 1876 529 1920; x_wconf 89' lang='lat' dir='ltr'>illa</span> <span class='ocrx_word' id='word_1_183' title='bbox 562 1875 679 1918; x_wconf 83' lang='lat' dir='ltr'>vox?</span> <span class='ocrx_word' id='word_1_184' title='bbox 711 1874 987 1930; x_wconf 89' lang='lat' dir='ltr'>Ignoramus.</span> <span class='ocrx_word' id='word_1_185' title='bbox 1023 1873 1122 1916; x_wconf 88' lang='lat' dir='ltr'>Non</span> <span class='ocrx_word' id='word_1_186' title='bbox 1156 1877 1302 1916; x_wconf 87' lang='lat' dir='ltr'>autem</span> <span class='ocrx_word' id='word_1_187' title='bbox 1335 1872 1501 1929; x_wconf 92' lang='lat' dir='ltr'>opinor.</span> <span class='ocrx_word' id='word_1_188' title='bbox 1535 1871 1767 1929; x_wconf 83' lang='lat' dir='ltr'>Nusquam</span> 
     </span>
     <span class='ocr_line' id='line_1_24' title="bbox 89 1947 1770 2009; baseline -0.004 -14"><span class='ocrx_word' id='word_1_189' title='bbox 89 1967 227 2009; x_wconf 91' lang='lat' dir='ltr'>neque</span> <span class='ocrx_word' id='word_1_190' title='bbox 253 1967 280 1995; x_wconf 91' lang='lat' dir='ltr'>a</span> <span class='ocrx_word' id='word_1_191' title='bbox 306 1951 602 2008; x_wconf 89' lang='lat' dir='ltr'>Xenophonte</span> <span class='ocrx_word' id='word_1_192' title='bbox 630 1965 772 2007; x_wconf 89' lang='lat' dir='ltr'>neque</span> <span class='ocrx_word' id='word_1_193' title='bbox 800 1965 826 1993; x_wconf 94' lang='lat' dir='ltr'>a</span> <span class='ocrx_word' id='word_1_194' title='bbox 847 1949 1034 1992; x_wconf 89' lang='lat' dir='ltr'>Platone</span> <span class='ocrx_word' id='word_1_195' title='bbox 1052 1948 1189 1991; x_wconf 88' lang='lat' dir='ltr'>ullum</span> <span class='ocrx_word' id='word_1_196' title='bbox 1208 1947 1370 1990; x_wconf 88' lang='lat' dir='ltr'>dictum</span> <span class='ocrx_word' id='word_1_197' title='bbox 1388 1952 1770 1990; x_wconf 87' lang='lat' dir='ltr'>commemoratur.</span> 
     </span>
     <span class='ocr_line' id='line_1_25' title="bbox 91 2022 1768 2081; baseline -0.004 -11"><span class='ocrx_word' id='word_1_198' title='bbox 91 2027 340 2077; x_wconf 90' lang='lat' dir='ltr'>Denuntiat‚</span> <span class='ocrx_word' id='word_1_199' title='bbox 391 2026 454 2069; x_wconf 87' lang='lat' dir='ltr'>sic</span> <span class='ocrx_word' id='word_1_200' title='bbox 500 2030 546 2069; x_wconf 93' lang='lat' dir='ltr'>ut</span> <span class='ocrx_word' id='word_1_201' title='bbox 593 2025 742 2069; x_wconf 89' lang='lat' dir='ltr'>omina</span> <span class='ocrx_word' id='word_1_202' title='bbox 788 2024 999 2081; x_wconf 89' lang='lat' dir='ltr'>vulgaria,</span> <span class='ocrx_word' id='word_1_203' title='bbox 1048 2028 1089 2067; x_wconf 91' lang='lat' dir='ltr'>et</span> <span class='ocrx_word' id='word_1_204' title='bbox 1122 2023 1257 2067; x_wconf 91' lang='lat' dir='ltr'>verba</span> <span class='ocrx_word' id='word_1_205' title='bbox 1288 2022 1450 2080; x_wconf 87' lang='lat' dir='ltr'>quibus</span> <span class='ocrx_word' id='word_1_206' title='bbox 1483 2022 1578 2065; x_wconf 86' lang='lat' dir='ltr'>eius</span> <span class='ocrx_word' id='word_1_207' title='bbox 1610 2022 1768 2078; x_wconf 83' lang='lat' dir='ltr'>agendi</span> 
     </span>
     <span class='ocr_line' id='line_1_26' title="bbox 90 2097 1772 2158; baseline -0.003 -16"><span class='ocrx_word' id='word_1_208' title='bbox 90 2102 154 2145; x_wconf 84' lang='lat' dir='ltr'>vis</span> <span class='ocrx_word' id='word_1_209' title='bbox 177 2101 445 2158; x_wconf 73' lang='lat' dir='ltr'>significatur</span> <span class='ocrx_word' id='word_1_210' title='bbox 474 2106 576 2145; x_wconf 72' lang='lat' dir='ltr'>sunt</span> <span class='ocrx_word' id='word_1_211' title='bbox 604 2103 830 2152; x_wconf 71' lang='grc' dir='ltr'><em>σημαίνειν,</em></span> <span class='ocrx_word' id='word_1_212' title='bbox 855 2103 1158 2151; x_wconf 79' lang='grc' dir='ltr'><em>προσημαίνειν,</em></span> <span class='ocrx_word' id='word_1_213' title='bbox 1180 2100 1468 2139; x_wconf 79' lang='grc' dir='ltr'><em>ἐναντιοῦσθαι</em></span> <span class='ocrx_word' id='word_1_214' title='bbox 1502 2097 1579 2141; x_wconf 75' lang='lat' dir='ltr'>Est</span> <span class='ocrx_word' id='word_1_215' title='bbox 1599 2103 1772 2149; x_wconf 84' lang='grc' dir='ltr'><em>σημεῖον.</em></span> 
     </span>
    </p>

    <p class='ocr_par' dir='ltr' id='par_1_8' title="bbox 89 2173 1776 2913">
     <span class='ocr_line' id='line_1_27' title="bbox 147 2173 1770 2233; baseline -0.004 -12"><span class='ocrx_word' id='word_1_216' title='bbox 147 2177 273 2221; x_wconf 91' lang='lat' dir='ltr'>Unde</span> <span class='ocrx_word' id='word_1_217' title='bbox 305 2177 436 2233; x_wconf 90' lang='lat' dir='ltr'>igitur</span> <span class='ocrx_word' id='word_1_218' title='bbox 467 2176 576 2220; x_wconf 88' lang='lat' dir='ltr'>scire</span> <span class='ocrx_word' id='word_1_219' title='bbox 608 2175 748 2232; x_wconf 87' lang='lat' dir='ltr'>potuit</span> <span class='ocrx_word' id='word_1_220' title='bbox 774 2175 979 2219; x_wconf 84' lang='lat' dir='ltr'>Socrates</span> <span class='ocrx_word' id='word_1_221' title='bbox 1007 2173 1269 2232; x_wconf 87' lang='lat' dir='ltr'>expiandum</span> <span class='ocrx_word' id='word_1_222' title='bbox 1296 2189 1391 2217; x_wconf 89' lang='lat' dir='ltr'>esse</span> <span class='ocrx_word' id='word_1_223' title='bbox 1424 2173 1507 2216; x_wconf 78' lang='lat' dir='ltr'>sibi</span> <span class='ocrx_word' id='word_1_224' title='bbox 1531 2178 1770 2230; x_wconf 86' lang='lat' dir='ltr'>peccatum.</span> 
     </span>
     <span class='ocr_line' id='line_1_28' title="bbox 89 2248 1769 2309; baseline -0.002 -14"><span class='ocrx_word' id='word_1_225' title='bbox 89 2252 200 2296; x_wconf 87' lang='lat' dir='ltr'>Aliis</span> <span class='ocrx_word' id='word_1_226' title='bbox 232 2252 348 2296; x_wconf 87' lang='lat' dir='ltr'>enim</span> <span class='ocrx_word' id='word_1_227' title='bbox 379 2252 494 2309; x_wconf 91' lang='lat' dir='ltr'>apud</span> <span class='ocrx_word' id='word_1_228' title='bbox 529 2251 759 2295; x_wconf 85' lang='lat' dir='ltr'>Platonem</span> <span class='ocrx_word' id='word_1_229' title='bbox 792 2251 911 2299; x_wconf 80' lang='lat' dir='ltr'>loeis,</span> <span class='ocrx_word' id='word_1_230' title='bbox 957 2250 1029 2293; x_wconf 92' lang='lat' dir='ltr'>ubi</span> <span class='ocrx_word' id='word_1_231' title='bbox 1062 2249 1341 2293; x_wconf 88' lang='lat' dir='ltr'>daemonium</span> <span class='ocrx_word' id='word_1_232' title='bbox 1380 2248 1620 2298; x_wconf 87' lang='lat' dir='ltr'>intercedit,</span> <span class='ocrx_word' id='word_1_233' title='bbox 1659 2248 1769 2291; x_wconf 89' lang='lat' dir='ltr'>eius-</span> 
     </span>
     <span class='ocr_line' id='line_1_29' title="bbox 90 2323 1775 2383; baseline -0.003 -12"><span class='ocrx_word' id='word_1_234' title='bbox 90 2327 203 2371; x_wconf 89' lang='lat' dir='ltr'>modi</span> <span class='ocrx_word' id='word_1_235' title='bbox 236 2327 343 2371; x_wconf 90' lang='lat' dir='ltr'>nihil</span> <span class='ocrx_word' id='word_1_236' title='bbox 376 2327 546 2383; x_wconf 88' lang='lat' dir='ltr'>legitur.</span> <span class='ocrx_word' id='word_1_237' title='bbox 580 2326 831 2370; x_wconf 86' lang='lat' dir='ltr'>Secundum</span> <span class='ocrx_word' id='word_1_238' title='bbox 861 2326 1089 2370; x_wconf 90' lang='lat' dir='ltr'>Platonem</span> <span class='ocrx_word' id='word_1_239' title='bbox 1118 2324 1398 2369; x_wconf 89' lang='lat' dir='ltr'>daemonium</span> <span class='ocrx_word' id='word_1_240' title='bbox 1419 2324 1548 2380; x_wconf 89' lang='lat' dir='ltr'>vulgo</span> <span class='ocrx_word' id='word_1_241' title='bbox 1574 2323 1775 2378; x_wconf 90' lang='lat' dir='ltr'>prohibet</span> 
     </span>
     <span class='ocr_line' id='line_1_30' title="bbox 92 2398 1774 2460; baseline -0.004 -12"><span class='ocrx_word' id='word_1_242' title='bbox 92 2404 316 2449; x_wconf 87' lang='lat' dir='ltr'>Socratem</span> <span class='ocrx_word' id='word_1_243' title='bbox 365 2404 508 2447; x_wconf 84' lang='lat' dir='ltr'>facere</span> <span class='ocrx_word' id='word_1_244' title='bbox 554 2402 670 2460; x_wconf 89' lang='lat' dir='ltr'>quod</span> <span class='ocrx_word' id='word_1_245' title='bbox 718 2402 915 2446; x_wconf 76' lang='lat' dir='ltr'>faetmus</span> <span class='ocrx_word' id='word_1_246' title='bbox 963 2406 1043 2445; x_wconf 84' lang='lat' dir='ltr'>est.</span> <span class='ocrx_word' id='word_1_247' title='bbox 1081 2401 1155 2444; x_wconf 93' lang='lat' dir='ltr'>Nil</span> <span class='ocrx_word' id='word_1_248' title='bbox 1188 2400 1392 2458; x_wconf 79' lang='lat' dir='ltr'>amplius.</span> <span class='ocrx_word' id='word_1_249' title='bbox 1428 2400 1513 2444; x_wconf 89' lang='lat' dir='ltr'>Sed</span> <span class='ocrx_word' id='word_1_250' title='bbox 1547 2415 1662 2443; x_wconf 89' lang='lat' dir='ltr'>nunc</span> <span class='ocrx_word' id='word_1_251' title='bbox 1694 2398 1774 2442; x_wconf 84' lang='lat' dir='ltr'>scit</span> 
     </span>
     <span class='ocr_line' id='line_1_31' title="bbox 91 2474 1774 2536; baseline -0.004 -13"><span class='ocrx_word' id='word_1_252' title='bbox 91 2495 180 2523; x_wconf 88' lang='lat' dir='ltr'>rem</span> <span class='ocrx_word' id='word_1_253' title='bbox 214 2494 383 2523; x_wconf 85' lang='lat' dir='ltr'>sacram</span> <span class='ocrx_word' id='word_1_254' title='bbox 417 2478 500 2522; x_wconf 90' lang='lat' dir='ltr'>sibi</span> <span class='ocrx_word' id='word_1_255' title='bbox 533 2478 826 2536; x_wconf 87' lang='lat' dir='ltr'>peragendam</span> <span class='ocrx_word' id='word_1_256' title='bbox 860 2493 974 2522; x_wconf 83' lang='lat' dir='ltr'>esse.</span> <span class='ocrx_word' id='word_1_257' title='bbox 1007 2477 1101 2520; x_wconf 88' lang='lat' dir='ltr'>Hoc</span> <span class='ocrx_word' id='word_1_258' title='bbox 1133 2477 1263 2533; x_wconf 90' lang='lat' dir='ltr'>igitur</span> <span class='ocrx_word' id='word_1_259' title='bbox 1295 2476 1575 2520; x_wconf 89' lang='lat' dir='ltr'>daemonium</span> <span class='ocrx_word' id='word_1_260' title='bbox 1604 2474 1774 2518; x_wconf 81' lang='lat' dir='ltr'>voluit?</span> 
     </span>
     <span class='ocr_line' id='line_1_32' title="bbox 92 2551 1774 2604; baseline -0.005 -6"><span class='ocrx_word' id='word_1_261' title='bbox 92 2556 145 2598; x_wconf 90' lang='lat' dir='ltr'>Et</span> <span class='ocrx_word' id='word_1_262' title='bbox 191 2554 471 2598; x_wconf 89' lang='lat' dir='ltr'>daemonium</span> <span class='ocrx_word' id='word_1_263' title='bbox 519 2569 619 2597; x_wconf 92' lang='lat' dir='ltr'>eum</span> <span class='ocrx_word' id='word_1_264' title='bbox 668 2553 795 2597; x_wconf 88' lang='lat' dir='ltr'>iussit</span> <span class='ocrx_word' id='word_1_265' title='bbox 841 2553 1187 2604; x_wconf 68' lang='grc' dir='ltr'><em>ἀφοσιώσασθαιῗ)</em></span> <span class='ocrx_word' id='word_1_266' title='bbox 1234 2551 1404 2595; x_wconf 87' lang='lat' dir='ltr'>Etenim</span> <span class='ocrx_word' id='word_1_267' title='bbox 1440 2567 1461 2594; x_wconf 88' lang='lat' dir='ltr'>e</span> <span class='ocrx_word' id='word_1_268' title='bbox 1496 2551 1640 2594; x_wconf 88' lang='lat' dir='ltr'>verbis</span> <span class='ocrx_word' id='word_1_269' title='bbox 1671 2552 1696 2602; x_wconf 79' lang='grc' dir='ltr'>ἥ</span> <span class='ocrx_word' id='word_1_270' title='bbox 1730 2566 1774 2599; x_wconf 85' lang='grc' dir='ltr'>με</span> 
     </span>
     <span class='ocr_line' id='line_1_33' title="bbox 93 2626 1773 2686; baseline -0.002 -15"><span class='ocrx_word' id='word_1_271' title='bbox 93 2633 166 2671; x_wconf 79' lang='grc' dir='ltr'>οὐκ</span> <span class='ocrx_word' id='word_1_272' title='bbox 192 2631 235 2686; x_wconf 75' lang='grc' dir='ltr'>ἐᾷ</span> <span class='ocrx_word' id='word_1_273' title='bbox 261 2648 294 2670; x_wconf 84' lang='grc' dir='ltr'>κ.</span> <span class='ocrx_word' id='word_1_274' title='bbox 313 2648 340 2670; x_wconf 80' lang='grc' dir='ltr'>τ.</span> <span class='ocrx_word' id='word_1_275' title='bbox 358 2635 377 2670; x_wconf 80' lang='grc' dir='ltr'><strong>λ</strong></span> <span class='ocrx_word' id='word_1_276' title='bbox 394 2661 404 2681; x_wconf 85' lang='grc'><strong><em>,</em></strong></span> <span class='ocrx_word' id='word_1_277' title='bbox 429 2630 465 2672; x_wconf 94' lang='lat' dir='ltr'>si</span> <span class='ocrx_word' id='word_1_278' title='bbox 493 2629 596 2686; x_wconf 90' lang='lat' dir='ltr'>quid</span> <span class='ocrx_word' id='word_1_279' title='bbox 616 2629 755 2678; x_wconf 88' lang='lat' dir='ltr'>video,</span> <span class='ocrx_word' id='word_1_280' title='bbox 786 2629 867 2671; x_wconf 86' lang='lat' dir='ltr'>hoc</span> <span class='ocrx_word' id='word_1_281' title='bbox 891 2628 1040 2685; x_wconf 90' lang='lat' dir='ltr'>utique</span> <span class='ocrx_word' id='word_1_282' title='bbox 1059 2627 1400 2684; x_wconf 89' lang='lat' dir='ltr'>intellegendum</span> <span class='ocrx_word' id='word_1_283' title='bbox 1419 2632 1483 2670; x_wconf 86' lang='lat' dir='ltr'>est</span> <span class='ocrx_word' id='word_1_284' title='bbox 1505 2626 1773 2669; x_wconf 87' lang='lat' dir='ltr'>voluntatem</span> 
     </span>
     <span class='ocr_line' id='line_1_34' title="bbox 91 2700 1775 2760; baseline -0.003 -12"><span class='ocrx_word' id='word_1_285' title='bbox 91 2704 228 2749; x_wconf 91' lang='lat' dir='ltr'>fuisse</span> <span class='ocrx_word' id='word_1_286' title='bbox 275 2704 493 2748; x_wconf 90' lang='lat' dir='ltr'>daemonii</span> <span class='ocrx_word' id='word_1_287' title='bbox 541 2709 587 2747; x_wconf 89' lang='lat' dir='ltr'>ut</span> <span class='ocrx_word' id='word_1_288' title='bbox 630 2719 716 2746; x_wconf 93' lang='lat' dir='ltr'>non</span> <span class='ocrx_word' id='word_1_289' title='bbox 765 2704 902 2747; x_wconf 90' lang='lat' dir='ltr'>abiret</span> <span class='ocrx_word' id='word_1_290' title='bbox 937 2703 1192 2760; x_wconf 89' lang='lat' dir='ltr'>priusquam</span> <span class='ocrx_word' id='word_1_291' title='bbox 1231 2701 1512 2759; x_wconf 84' lang='lat' dir='ltr'>expiavisset.</span> <span class='ocrx_word' id='word_1_292' title='bbox 1547 2700 1775 2752; x_wconf 87' lang='lat' dir='ltr'>Quomodo</span> 
     </span>
     <span class='ocr_line' id='line_1_35' title="bbox 93 2776 1776 2835; baseline -0.003 -12"><span class='ocrx_word' id='word_1_293' title='bbox 93 2780 373 2823; x_wconf 89' lang='lat' dir='ltr'>daemonium</span> <span class='ocrx_word' id='word_1_294' title='bbox 420 2781 502 2823; x_wconf 93' lang='lat' dir='ltr'>hoc</span> <span class='ocrx_word' id='word_1_295' title='bbox 549 2780 586 2823; x_wconf 90' lang='lat' dir='ltr'>ei</span> <span class='ocrx_word' id='word_1_296' title='bbox 633 2779 944 2823; x_wconf 80' lang='lat' dir='ltr'>denuntiavit?</span> <span class='ocrx_word' id='word_1_297' title='bbox 992 2779 1266 2835; x_wconf 82' lang='lat' dir='ltr'>Ignoramus,</span> <span class='ocrx_word' id='word_1_298' title='bbox 1316 2778 1483 2821; x_wconf 88' lang='lat' dir='ltr'>Desunt</span> <span class='ocrx_word' id='word_1_299' title='bbox 1525 2776 1687 2831; x_wconf 82' lang='lat' dir='ltr'>omnia,</span> <span class='ocrx_word' id='word_1_300' title='bbox 1730 2780 1776 2819; x_wconf 91' lang='lat' dir='ltr'>ut</span> 
     </span>
     <span class='ocr_line' id='line_1_36' title="bbox 95 2854 1055 2913; baseline -0.001 -15"><span class='ocrx_word' id='word_1_301' title='bbox 95 2854 295 2906; x_wconf 80' lang='lat' dir='ltr'>vidimus,</span> <span class='ocrx_word' id='word_1_302' title='bbox 328 2870 440 2913; x_wconf 91' lang='lat' dir='ltr'>quae</span> <span class='ocrx_word' id='word_1_303' title='bbox 474 2860 576 2898; x_wconf 90' lang='lat' dir='ltr'>sunt</span> <span class='ocrx_word' id='word_1_304' title='bbox 607 2854 827 2898; x_wconf 87' lang='lat' dir='ltr'>interioris</span> <span class='ocrx_word' id='word_1_305' title='bbox 861 2854 1055 2898; x_wconf 87' lang='lat' dir='ltr'>notitiae.</span> 
     </span>
    </p>

    <p class='ocr_par' dir='ltr' id='par_1_9' title="bbox 153 2926 1776 2985">
     <span class='ocr_line' id='line_1_37' title="bbox 153 2926 1776 2985; baseline -0.004 -11"><span class='ocrx_word' id='word_1_306' title='bbox 153 2930 250 2974; x_wconf 86' lang='lat' dir='ltr'>Nisi</span> <span class='ocrx_word' id='word_1_307' title='bbox 298 2930 409 2974; x_wconf 86' lang='lat' dir='ltr'>forte</span> <span class='ocrx_word' id='word_1_308' title='bbox 444 2957 493 2962; x_wconf 92' lang='lat'><strong>—</strong></span> <span class='ocrx_word' id='word_1_309' title='bbox 530 2935 571 2973; x_wconf 89' lang='lat' dir='ltr'>et</span> <span class='ocrx_word' id='word_1_310' title='bbox 619 2930 702 2972; x_wconf 91' lang='lat' dir='ltr'>huc</span> <span class='ocrx_word' id='word_1_311' title='bbox 750 2929 890 2985; x_wconf 90' lang='lat' dir='ltr'>magis</span> <span class='ocrx_word' id='word_1_312' title='bbox 939 2929 1117 2972; x_wconf 87' lang='lat' dir='ltr'>inclinat</span> <span class='ocrx_word' id='word_1_313' title='bbox 1165 2928 1384 2972; x_wconf 84' lang='lat' dir='ltr'>sententia</span> <span class='ocrx_word' id='word_1_314' title='bbox 1429 2943 1525 2971; x_wconf 92' lang='lat' dir='ltr'>mea</span> <span class='ocrx_word' id='word_1_315' title='bbox 1573 2926 1776 2969; x_wconf 83' lang='lat' dir='ltr'>—locus</span> 
     </span>
    </p>
   </div>
  </div>
 </body>
</html>
