2019 3299
1047 162 1103 205 26

213 286 573 343 ·Xenophontem
607 285 762 329 obviis.
795 285 1000 329 Socrates
1028 285 1379 342 Xenophonteus
1397 301 1577 342 prorsus
1594 286 1915 331 alitercausam

233 377 359 405 suam
403 361 594 405 defendit
635 376 766 418 quam
810 361 855 404 S.
899 361 1168 404 Platonicus.
1211 361 1338 404 Alius
1381 361 1542 411 vultus,
1577 361 1693 406 alius
1724 362 1915 413 habitus,

232 437 320 481 alia
352 438 498 488 verba,
532 437 620 481 alia
653 452 736 480 vox
769 441 810 480 et
841 441 979 480 tenor.

291 512 446 570 Neque
478 517 625 556 autem
659 528 758 555 eum
792 512 908 568 apud
941 511 1169 555 Platonem
1205 515 1383 556 ironice
1414 511 1532 569 loqui
1566 513 1847 557 manifestum
1876 517 1916 556 et

230 587 325 631 luce
357 588 518 631 clarius
547 593 611 631 est
644 603 665 630 e
691 587 927 644 praeclaris
955 587 1076 631 locis.
1103 588 1216 632 23A
1242 587 1314 628 Ἐκ
1347 590 1508 641 ταυτησὶ
1539 590 1588 641 δὴ
1619 597 1682 642 τῆς
1710 591 1916 639 ἐξετάσεως

231 679 369 720 usque
412 663 466 707 ad
507 663 582 704 ἀλλ’
629 664 671 704 ἐν
711 666 826 719 πενία
869 665 990 718 μυρία
1023 664 1100 715 εἰμὶ
1134 664 1200 703 διὰ
1233 664 1303 715 τὴν
1334 672 1403 705 τοῦ
1436 670 1537 705 θεοῦ
1568 667 1760 715 λατρείαν.
1795 665 1917 710 Haec

231 739 416 783 iocantis
459 739 527 783 vel
567 739 889 783 dissimulantis
931 739 999 782 vel
1031 738 1222 782 ludentis
1255 754 1341 782 non
1376 744 1493 783 sunt.
1528 739 1583 783 Et
1614 740 1727 784 24A
1759 740 1859 785 inde
1890 756 1917 785 a

229 814 332 855 ταῦτ’
377 816 481 856 ἐστιν
523 816 619 867 ὑμῖν
651 816 810 867 τάληθῆ
843 829 984 872 usque
1011 815 1066 858 ad
1099 816 1222 863 οὕτως
1254 816 1436 867 εὑρήσετε
1468 816 1768 860 asseverantis
1799 821 1916 861 sunt.

231 891 329 934 Huc
371 890 475 934 facit
515 905 689 947 quoque
732 889 807 934 illa
844 905 958 947 quae
999 890 1052 934 31
1075 889 1107 934 C
1138 889 1364 947 leguntur:
1399 893 1541 932 ἱκανὸν
1573 894 1660 945 γάρ,
1690 889 1812 944 οἶμαι,
1842 892 1916 946 ἐγὼ

227 968 447 1020 παρέχομαι
475 968 543 1007 τὸν
575 970 768 1019 μάρτυρα,
798 967 934 1019 ἀληθῆ
973 967 1024 1015 ὡς
1056 968 1168 1020 λέγω,
1199 967 1270 1018 τὴν
1301 969 1455 1007 πενίαν.

287 1040 443 1092 Quivis
488 1041 604 1084 videt
645 1042 754 1085 haec
796 1042 931 1085 verba
974 1057 1058 1085 non
1094 1057 1191 1085 esse
1225 1042 1423 1093 iocantis‚
1457 1042 1626 1086 nullam
1660 1043 1843 1088 ironiam
1872 1043 1915 1088 in

229 1116 290 1160 eis
332 1116 491 1166 inesse,
536 1116 669 1160 immo
713 1132 815 1160 vero
857 1117 1051 1175 loquitur
1099 1132 1230 1175 saepe
1276 1123 1489 1175 tanquam
1523 1118 1799 1163 Nazarenius
1831 1119 1916 1169 ille,

228 1193 451 1236 submissa
500 1208 617 1236 voce.
664 1192 819 1236 Omnis
868 1193 1010 1237 ironia
1056 1194 1111 1237 ab
1160 1193 1228 1237 his
1273 1193 1418 1238 verbis
1461 1194 1681 1238 abhorret.
1715 1194 1918 1239 Graviter

227 1268 420 1326 loquitur
460 1269 640 1312 deorum
685 1268 898 1319 minister,
929 1269 970 1313 id
1004 1269 1120 1327 quod
1153 1269 1283 1313 etiam
1318 1269 1475 1313 melius
1508 1275 1688 1327 apparet
1721 1285 1744 1314 e
1781 1270 1918 1314 notis-

229 1344 341 1388 simo
374 1345 469 1388 loco
502 1346 557 1389 029
577 1345 623 1389 C.
672 1361 712 1402 q.
732 1361 766 1389 s,

285 1419 367 1464 Per
398 1425 535 1464 totam
569 1421 832 1478 Apologiam
866 1423 1062 1466 deorum
1094 1424 1316 1466 minister
1343 1421 1602 1479 depingitur,
1632 1423 1817 1478 martyr
1843 1421 1918 1479 qui

227 1496 421 1540 demissa
467 1512 572 1540 voce
621 1512 803 1540 causam
852 1496 942 1553 agit
985 1512 1071 1540 non
1118 1497 1297 1554 ignarus
1340 1497 1471 1541 sortis
1504 1497 1691 1548 futurae,
1724 1498 1779 1541 cf.
1809 1497 1917 1542 33C

225 1573 309 1624 ἐμοὶ
358 1573 401 1613 δὲ
446 1580 561 1613 τοῦτο
613 1574 895 1626 προστέτακται
945 1574 1023 1613 ὑπὸ
1066 1581 1136 1613 τοῦ
1179 1579 1282 1614 θεοῦ
1323 1576 1508 1627 πράττειν
1539 1578 1689 1625 κ.τ.λ.;
1723 1573 1831 1618 37C
1865 1583 1916 1630 τῷ

224 1653 307 1703 θεῷ
349 1648 534 1688 ἀπειθεῖν
575 1646 674 1688 τοῦτ’
721 1648 849 1698 ἐστίν;
892 1648 944 1691 41
968 1647 1001 1691 C
1040 1648 1135 1689 οὐδὲ
1177 1649 1222 1689 τὰ
1262 1649 1335 1700 ἐμὰ
1368 1657 1443 1689 νῦν
1476 1649 1555 1690 ἀπὸ
1587 1656 1656 1690 τοῦ
1688 1649 1916 1701 αὐτομάτου

225 1724 409 1776 γέγονεν;
462 1724 519 1766 33
547 1723 587 1766 Α
634 1724 680 1763 τὰ
726 1724 901 1775 ἐμαυτοῦ
948 1726 1201 1776 πράττοντος.
1249 1723 1385 1768 Gravi
1428 1723 1674 1768 ministerio
1716 1724 1917 1768 defessus

227 1799 364 1842 nihilo
398 1799 545 1843 minus
577 1800 631 1843 ad
664 1800 795 1843 finem
829 1800 1066 1857 perducere
1095 1800 1187 1844 vult
1215 1801 1349 1845 vitam
1370 1801 1587 1845 difficilem
1607 1806 1648 1845 et
1667 1801 1914 1849 dolorosam

226 1875 279 1918 ef.
311 1876 365 1918 41
389 1876 422 1918 D
455 1876 710 1928 ἀπηλλάχθαι
742 1880 984 1930 πραγμάτων
1016 1878 1170 1929 βέλτιον
1197 1874 1248 1929 ἦν
1281 1895 1358 1928 μοι.

286 1950 433 1994 Verba
466 1950 558 1994 eius
593 1967 927 2009 nonnumquam
961 1953 1221 1997 subamara
1253 1952 1368 1996 dicta
1400 1952 1453 1995 cf.
1485 1952 1598 1996 28A
1625 1952 1650 1992 ἃ
1677 1954 1726 2004 δὴ
1743 1954 1916 2001 πολλοὺς

224 2027 290 2067 καὶ
337 2026 479 2075 ἄλλους
527 2027 711 2080 ἀγαθοὺς
757 2028 907 2080 ἄνδρας
955 2029 1118 2083 ᾕρηκεν,
1158 2026 1267 2080 οἶμαι
1310 2029 1352 2068 δὲ
1392 2028 1460 2068 καὶ
1496 2030 1689 2082 αἱρήσειν·
1721 2027 1842 2069 οὐδὲν
1874 2027 1916 2068 δὲ

225 2104 362 2143 δεινὸν
394 2103 446 2154 μὴ
480 2102 521 2142 ἐν
555 2103 642 2155 ἐμοὶ
674 2112 755 2159 στῇ.

285 2178 521 2235 Tragicum
560 2194 688 2237 quem
725 2184 884 2223 vocant
916 2181 1108 2224 dolorem
1143 2179 1199 2223 37
1221 2179 1266 2223 C.
1288 2180 1336 2223 D.
1357 2179 1405 2223 E.
1440 2179 1668 2223 sentimus.
1701 2179 1749 2223 Si
1766 2183 1914 2224 autem

227 2254 351 2305 nobis
387 2254 583 2298 videmur
615 2254 860 2311 perspicere
889 2255 1113 2299 nonnullis
1142 2255 1183 2298 in
1212 2255 1320 2298 locis
1353 2255 1619 2312 superbiam,
1651 2271 1737 2298 non
1768 2254 1916 2299 vivida

227 2345 279 2373 ea
326 2335 390 2373 est
438 2346 579 2388 neque
627 2330 762 2380 ferox,
811 2346 953 2388 neque
996 2331 1112 2374 illius
1154 2331 1350 2375 Socratis
1391 2331 1463 2388 qui
1507 2331 1839 2375 minitabundus
1871 2330 1913 2374 in

226 2420 374 2462 pugna
414 2422 460 2449 se
504 2406 678 2462 recepit,
720 2406 837 2450 illius
880 2406 1131 2464 philosophi
1165 2407 1240 2464 qui
1274 2412 1555 2451 accusatores
1588 2412 1628 2450 et
1661 2406 1827 2450 iudices
1862 2434 1912 2438 —

225 2485 315 2529 τοὺς
359 2488 531 2530 πολλοὺς
566 2507 617 2510 —
653 2498 808 2525 omnes
852 2482 967 2526 infra
1009 2498 1056 2525 se
1088 2483 1402 2526 arbitrabatur.
1436 2482 1538 2526 Alia
1569 2482 1777 2540 superbia
1808 2482 1916 2526 haec

224 2561 302 2599 est.
356 2556 438 2600 Ubi
486 2557 603 2600 enim
650 2558 757 2601 30C
804 2558 1018 2614 gloriatur
1065 2557 1276 2602 maiorem
1325 2574 1423 2602 esse
1470 2574 1517 2601 se
1563 2574 1695 2616 quam
1744 2562 1790 2601 ut
1831 2557 1915 2601 sibi

224 2633 369 2676 noceri
412 2632 561 2688 possit,
604 2633 806 2689 gloriatio
850 2633 926 2677 illa
966 2634 1107 2677 maior
1149 2639 1215 2677 est
1261 2650 1394 2691 quam
1417 2635 1634 2678 humana.
1668 2634 1766 2691 Ipse
1797 2633 1914 2678 enim

226 2708 403 2751 homine
445 2709 582 2752 maior
626 2715 692 2752 est
735 2711 850 2767 quod
894 2709 1074 2753 totidem
1121 2709 1267 2753 verbis
1312 2726 1390 2753 nos
1424 2715 1572 2754 monet
1603 2712 1654 2754 31
1679 2710 1728 2760 B,
1762 2714 1808 2752 οὐ
1840 2711 1914 2764 γὰρ

222 2784 469 2840 ἀνθρωπίνῳ
513 2786 615 2824 ἔοικε
657 2787 698 2824 τὸ
745 2785 809 2836 ἐμὲ
853 2794 929 2825 τῶν
971 2785 1042 2835 μὲν
1085 2786 1260 2835 ἐμαυτοῦ
1292 2785 1481 2826 ἁπάντων
1514 2786 1755 2838 ἠμεληκέναι
1786 2803 1818 2826 κ.
1836 2803 1866 2826 τ.
1883 2791 1914 2825 λ.

226 2859 347 2902 Finis
392 2863 538 2902 autem
588 2859 800 2903 orationis
842 2860 956 2903 idem
1001 2864 1079 2903 est.
1115 2860 1245 2917 Apud
1280 2860 1395 2904 Xen.
1427 2862 1546 2918 ἀπῄει
1576 2862 1642 2902 καὶ
1674 2862 1821 2914 ὄμμασι
1853 2862 1920 2901 καὶ

227 2937 442 2986 βαδίσματι
485 2936 667 2987 φαιδρός.
711 2934 840 2991 Apud
883 2935 1115 2978 Platonem
1152 2935 1280 2992 longe
1313 2936 1462 2979 aliter:
1497 2937 1594 2977 ἀλλὰ
1624 2938 1698 2990 γὰρ
1729 2937 1807 2989 ἤδη
1837 2938 1919 2989 ὥρα
