2019 3299
899 215 976 257 155

162 339 282 383 Dabo
337 338 584 393 exemplum
642 336 1039 380 luculentissimum
1092 334 1273 390 petitum
1331 349 1352 375 e
1398 332 1507 374 libro
1554 328 1777 387 scriptoris

100 412 367 457 recentioris,
405 413 455 455 H.
491 412 637 455 MAIER
668 412 725 454 l.l.
761 427 856 467 pag.
890 413 945 454 53
978 410 1170 466 loquitur
1201 409 1251 451 de
1285 405 1645 451 similitudinibus
1662 403 1776 460 apud

101 488 437 544 Xenophontem
481 487 796 543 Platonemque
847 485 1010 528 obviis:
1059 484 1232 538 „Sofort
1274 483 1315 525 in
1358 482 1425 526 die
1457 481 1611 536 Augen
1644 479 1776 523 fallen

100 564 168 607 die
206 555 693 618 Ubereinstimmungen
729 561 944 604 zwischen
978 561 1075 604 dem
1109 558 1528 615 Xenophontischen
1563 555 1647 599 und
1680 555 1777 598 dem

100 637 409 681 Platonischen
453 637 679 680 Sokrates.
718 636 850 679 Nicht
883 636 1044 679 ebenso
1077 634 1207 677 leicht
1240 634 1343 676 aber
1376 632 1430 675 ist
1463 648 1522 681 eS‚
1557 630 1777 674 dieselben

101 713 167 756 als
211 711 599 768 Xenophontische
647 711 984 767 Entlehnungen
1029 725 1109 753 aus
1147 710 1272 752 Plato
1305 708 1437 752 exakt
1470 723 1520 750 zu
1553 705 1778 749 erweisen.

100 788 272 831 Andere
302 786 917 843 Erklarungsmoglichkeiten
951 785 1046 829 sind
1083 785 1199 828 nicht
1227 785 1340 827 ohne
1369 783 1566 826 weiteres
1595 797 1678 824 von
1706 781 1781 823 der

103 863 232 906 Hand
288 879 340 906 zu
398 862 574 906 weisen.
634 864 752 906 Eine
798 864 1059 916 allerdinys
1105 863 1226 904 wird
1271 862 1438 903 keinen
1486 860 1781 913 ernsthaften

113 941 333 984 Vertreter
359 942 541 996 finden:
568 939 635 982 die
664 939 896 982 Annahme
923 938 1043 980 einer
1074 937 1331 992 Benutzung
1359 936 1432 978 der
1450 932 1779 977 Memorabilien

101 1015 234 1058 durch
266 1013 445 1062 Plato;”
478 1019 517 1056 et
551 1014 680 1070 paulo
713 1018 811 1070 post
848 1029 953 1067 „aus
984 1010 1479 1064 Konkurrie1·enden(‘?)
1504 1009 1686 1060 Quellen
1715 1007 1781 1051 bis

102 1092 181 1136 auf
222 1092 302 1135 den
351 1091 574 1134 Wortlaut
620 1090 847 1146 schopfen,
896 1090 1009 1132 ohne
1053 1089 1155 1132 dasz
1197 1088 1289 1131 dies
1330 1087 1465 1130 durch
1500 1085 1676 1129 Grunde
1709 1084 1783 1127 der

102 1167 423 1216 Parteinahme‚
466 1167 540 1210 der
577 1166 884 1221 Zustimmung
915 1165 1018 1208 oder
1050 1165 1126 1207 des
1158 1162 1511 1220 Widerspruchs‚
1546 1159 1783 1204 besonders

103 1242 322 1285 motiviert
363 1257 467 1290 war,
509 1241 741 1297 entsprach
786 1240 1003 1283 vielleicht
1047 1239 1121 1282 der
1153 1238 1463 1282 Arbeitsweise
1496 1236 1783 1292 Xenophons,

104 1319 257 1381 sicher
287 1319 396 1361 aber
429 1319 556 1361 nicht
587 1320 668 1361 der
699 1314 905 1360 Platos.’'

162 1393 390 1436 Platonem
438 1392 703 1435 imitatorem
750 1407 847 1435 esse
895 1407 980 1434 non
1024 1390 1226 1439 admittit,
1265 1395 1305 1433 et
1347 1389 1493 1433 statim
1528 1389 1632 1432 illud
1665 1386 1785 1431 reicit

105 1483 244 1525 neque
276 1467 592 1511 consideratur.

163 1542 305 1586 Simili
354 1542 481 1585 modo
524 1542 589 1584 vir
630 1541 905 1585 clarissimus
948 1542 995 1584 E.
1039 1542 1207 1585 ZELLER
1238 1541 1296 1584 l.l.
1330 1541 1393 1584 ΙΙ4
1424 1539 1534 1583 429⁷
1574 1541 1785 1583 Veterum

105 1620 377 1662 testimonia
419 1617 470 1660 de
502 1617 685 1660 Platone
719 1616 935 1660 imitatore
970 1621 1010 1660 et
1042 1616 1253 1673 plagiario
1286 1615 1472 1659 removit
1504 1620 1542 1658 et
1576 1613 1786 1671 seposuit.

163 1693 219 1736 At
266 1692 394 1736 nobis
441 1693 548 1736 deus
596 1708 681 1735 non
730 1697 793 1735 est
837 1708 977 1747 neque
1020 1691 1169 1735 divino
1211 1691 1359 1734 nimbo
1392 1690 1542 1747 fulget.
1575 1690 1785 1733 Summus

103 1767 278 1825 quidem
325 1773 403 1818 est,
453 1768 583 1810 homo
625 1772 786 1811 tamen.
830 1766 996 1818 Quodsi
1038 1783 1169 1824 saepe
1213 1766 1422 1823 peccavit.
1458 1765 1586 1809 venia
1618 1769 1785 1821 parata,

104 1843 235 1886 homo
277 1843 371 1891 fuit,
416 1843 596 1886 humani
639 1842 699 1885 nil
731 1843 870 1885 fuisse
902 1842 1093 1886 alienum
1129 1842 1183 1885 ab
1217 1857 1267 1884 eo
1301 1846 1523 1898 putamus.
1557 1840 1698 1891 Quam
1731 1839 1785 1882 ob

103 1934 207 1967 rem,
248 1919 328 1962 etsi
369 1919 496 1961 nobis
537 1934 711 1975 quoque
758 1922 958 1972 „amatus
999 1922 1064 1960 est
1096 1923 1308 1975 quantum
1342 1916 1560 1960 amabitur
1595 1913 1786 1964 nullus”‚

102 2000 248 2038 tamen
293 2009 417 2037 amor
457 1993 527 2036 1116
569 2008 723 2037 caecos
767 2009 847 2036 nos
881 2008 966 2035 non
1000 1993 1161 2042 reddet,
1196 1998 1236 2036 et
1269 2007 1529 2049 persuasum
1563 1995 1628 2034 est
1660 1989 1787 2033 nobis

103 2070 329 2127 aliquanto
376 2069 522 2111 minus
567 2068 871 2112 admirationis
917 2084 1028 2125 opus
1075 2084 1184 2117 esse,
1234 2067 1397 2111 maiore
1438 2072 1584 2110 autem
1627 2065 1786 2114 studio,

104 2150 150 2189 ut
194 2145 483 2202 exploremus,
532 2144 650 2194 nullo
692 2160 841 2187 amore
884 2143 1114 2192 occaecati,
1159 2143 1377 2200 quomodo
1418 2142 1640 2199 singulare
1681 2141 1787 2185 illud

104 2223 365 2272 φαινόμενον,
404 2219 519 2276 quod
551 2225 616 2262 est
647 2219 786 2268 Plato,
820 2224 971 2262 natum
1002 2218 1057 2261 sit
1089 2223 1129 2261 et·
1162 2218 1373 2261 nutritum
1404 2222 1444 2260 et
1471 2222 1662 2261 auctum.
1694 2217 1788 2259 Hoc

105 2300 168 2339 est
199 2295 391 2338 officium
426 2295 616 2337 virorum
650 2295 876 2337 doctorum
911 2300 957 2338 ut
991 2298 1143 2350 rogent
1170 2299 1212 2336 et
1238 2294 1478 2350 explorent,
1509 2293 1622 2336 unde
1640 2292 1789 2337 omnia

105 2371 378 2428 proveniant,
420 2369 519 2427 quis
550 2369 711 2425 fecerit,
744 2369 859 2426 quid.
897 2369 983 2419 ubi,
1016 2369 1177 2426 quibus
1211 2368 1398 2418 auxiliis,
1431 2384 1520 2418 cur,
1554 2369 1786 2424 quomodo,

104 2446 293 2504 quand0‚
325 2445 436 2489 sicut
469 2460 607 2501 caupo
642 2445 711 2488 ille
748 2445 984 2488 Henricum
1024 2444 1231 2487 Heinium
1266 2431 1453 2501 poetam.

164 2522 321 2565 Procul
363 2527 456 2565 esto
488 2521 631 2564 omnis
664 2522 783 2564 calor
817 2527 858 2564 et
889 2537 1013 2564 amor
1045 2532 1086 2564 et
1119 2520 1266 2577 opinio
1300 2521 1608 2577 praeiudicata.
1641 2519 1788 2562 Admi-

104 2597 216 2642 ratio
263 2612 435 2654 quoque
476 2597 604 2640 absit.
649 2596 769 2640 Haec
811 2597 924 2640 enim
966 2596 1255 2653 explorationi
1288 2612 1419 2653 saepe
1451 2596 1588 2639 obest.
1623 2595 1789 2638 Moeste

105 2672 318 2721 nonnulli,
351 2672 517 2728 opinor,
554 2671 790 2722 discedent,
819 2672 979 2729 quibus
1007 2671 1140 2715 insita
1166 2676 1230 2715 est
1256 2676 1386 2728 atque
1406 2671 1557 2715 innata
1574 2670 1789 2728 cupiditas

103 2748 318 2805 quaedam
353 2751 394 2790 et
425 2747 689 2790 desiderium
723 2747 969 2791 admirandi
1002 2747 1316 2803 adorandique.
1350 2746 1571 2802 Frigidam
1605 2747 1667 2790 sic
1698 2745 1789 2789 fleri

104 2823 347 2867 doctrinam
379 2822 515 2870 aiunt,
548 2822 743 2866 animum
778 2828 926 2866 autem
959 2822 1108 2865 fovere
1141 2822 1334 2878 cupiunt.
1362 2822 1510 2865 Tertio
1541 2821 1604 2864 vel
1633 2826 1789 2878 quarto

103 2898 239 2955 gradu
288 2899 332 2941 hi
380 2898 636 2941 consistant.
681 2898 857 2942 Veritas
900 2898 1014 2941 enim
1058 2902 1413 2955 temperaturam,
1456 2903 1502 2940 ut
1544 2897 1603 2941 ita
1633 2897 1788 2949 dicam,

107 2988 194 3016 non
228 2973 372 3017 hahet.
