2019 3299
895 205 971 247 101

88 343 232 371 rerum
276 328 469 371 ordinem
506 328 717 384 sequitur,
752 345 911 372 novam
945 329 1272 373 accusationem
1310 345 1360 373 ex
1392 330 1588 373 Platonis
1623 330 1767 373 verbis

85 404 141 446 26
160 403 208 446 Β.
241 418 516 460 componere.
550 402 591 446 Is
614 408 761 447 tamen
791 404 1116 448 accusationem
1138 405 1282 454 talem,
1307 404 1450 461 qualis
1479 405 1593 461 apud
1622 404 1767 448 Xeno-

85 479 291 535 phontem
334 478 505 534 legitur,
553 478 672 521 reicit
715 483 755 521 et
801 479 999 523 Platonis
1042 480 1176 523 verba
1223 495 1326 523 vera
1373 496 1470 523 esse
1516 479 1766 523 arbitratur.

86 553 223 597 Valde
264 558 411 597 autem
451 553 582 596 miror
616 553 669 596 H.
703 553 864 603 MAOER,
898 554 971 611 qui
998 554 1071 597 l.l.
1103 554 1213 597 467³
1245 554 1437 598 declarat
1468 554 1765 597 testimonium

85 619 291 671 Favorini
324 643 411 670 non
445 642 541 670 esse
575 627 921 671 addubitandum
959 655 1007 660 —
1045 629 1070 672 i.
1104 645 1140 672 e.
1174 634 1381 685 separata
1414 629 1552 672 fuisse
1584 628 1769 672 crimina

83 702 278 746 concedit
313 728 378 752 -‚
412 702 543 745 simul
570 707 716 746 autem
749 704 1010 746 contendere
1043 704 1271 747 Platonem
1293 719 1395 747 vera
1419 704 1544 747 nobis
1563 703 1766 747 exhibere

87 803 136 808 --
171 777 197 820 i.
217 794 253 821 e.
286 777 521 821 coniuncta
552 777 691 821 fuisse
723 778 908 822 crimina
943 779 1016 821 —l

145 853 257 908 „Der
281 852 391 896 Sinn
425 853 500 895 des
533 852 690 896 dritten
728 853 1066 910 Klagepunktes
1094 854 1286 897 namlich
1302 870 1404 901 war,
1433 855 1536 897 dasz
1555 854 1767 897 Sokrates

83 928 150 971 die
189 928 361 984 Jugend
395 927 589 971 insofern
625 929 841 979 verfflhre,
875 930 942 973 als
975 945 1021 973 er
1052 930 1115 973 sie
1149 930 1190 973 in
1224 930 1344 973 seine
1372 931 1554 986 eigenen
1588 930 1767 974 Verfeh-

81 1004 244 1059 lungen
279 1003 530 1053 verstricke‚
564 1004 602 1046 d.
638 1004 677 1047 h.
711 1005 774 1047 sie
807 1021 904 1048 zum
943 1005 1204 1061 Unglauben
1232 1005 1481 1062 gegenuber
1498 1006 1578 1049 den
1599 1006 1767 1050 Staats-

80 1083 250 1135 gottern
283 1078 369 1122 und
401 1094 499 1121 zum
534 1078 736 1123 Glauben
769 1095 825 1123 an
859 1096 971 1124 neue
1005 1080 1242 1124 Daimonia
1274 1080 1579 1125 veranlasse”.

138 1153 277 1196 Affert
322 1154 465 1197 locum
512 1169 540 1198 a
586 1155 712 1198 nobis
759 1155 846 1200 iam
895 1157 1123 1200 laudatum
1173 1156 1299 1213 Apol.
1349 1157 1405 1200 26
1424 1156 1473 1206 B,
1508 1156 1581 1213 qui
1614 1156 1766 1213 quanti

80 1227 309 1272 faciendus
341 1228 409 1278 sit,
443 1228 740 1274 intelleximus
760 1231 801 1285 ¹).

140 1303 226 1347 Sed
259 1304 311 1348 de
342 1304 425 1348 hac
456 1306 760 1350 controversia
792 1307 899 1350 haec
931 1306 1166 1351 sufficiunt.

299 1509 429 1565 §14³
493 1510 543 1554 G.
581 1511 649 1554 De
696 1511 931 1556 Socrate
976 1513 1095 1556 viro
1145 1514 1316 1557 laude
1349 1514 1532 1569 digno.

79 1665 205 1721 Apol.
238 1665 351 1709 Xen.
387 1667 454 1710 18.
908 1669 910 1673 ’
978 1670 1105 1726 Apol.
1138 1669 1248 1713 Plat.
1280 1670 1336 1712 36
1370 1669 1418 1712 D.
1439 1669 1487 1711 E.

135 1743 174 1781 εἴ
227 1758 269 1795 γε
323 1744 403 1794 μὴν
458 1744 531 1783 ὅσα
575 1746 712 1796 εἴρηκα
759 1729 847 1796 περὶ
913 1747 914 1766 ³
1039 1748 1075 1785 τί
1120 1742 1194 1785 οὖν
1242 1746 1320 1797 εἰμὶ
1363 1746 1471 1794 ἄξιος
1503 1750 1655 1784 παθεῖν
1687 1761 1763 1785 τοι-

75 1817 261 1868 ἐμαυτοῦ,
305 1820 443 1870 μηδεὶς
490 1819 643 1859 δύναιτ’
690 1820 739 1859 ἂν
771 1821 848 1869 ἐξε-
914 1866 916 1875 γ
982 1828 1098 1868 οὗτος
1146 1821 1222 1868 ὤν;
1270 1821 1430 1874 ἀγαθόν
1478 1838 1525 1870 τι,
1561 1816 1590 1860 ὦ
1623 1820 1763 1870 ἄνδρες

75 1893 205 1945 λέγξαι
243 1909 288 1944 με
330 1894 382 1941 ὡς
414 1896 629 1945 ψεύδομαι,
661 1904 742 1943 πῶς
775 1897 848 1936 οὐκ
915 1880 916 1909 l
985 1901 1204 1947 Ἀθηναῖοι,
1258 1897 1290 1935 εἰ
1342 1897 1405 1935 δεῖ
1452 1912 1494 1948 γε
1546 1896 1645 1935 κατὰ
1691 1897 1763 1947 τὴν

75 1966 124 2006 ἂν
171 1968 248 2020 ἤδη
295 1970 456 2017 δικαίως
504 1971 569 2009 καὶ
615 1971 693 2011 ὑπὸ
741 1977 849 2011 θεῶν
915 1911 917 2067 .
983 1972 1098 2019 ἀξίαν
1144 1979 1189 2027 τῇ
1236 1971 1407 2026 ἀληθείᾳ
1452 1977 1658 2022 τιμᾶσθαι·
1709 1997 1759 2002 -

75 2043 138 2081 καὶ
170 2041 234 2082 ὑπ’
269 2043 498 2095 ἀνθρώπων
532 2046 791 2098 ἒπαινοίμην;
983 2048 1019 2086 τί
1048 2042 1122 2086 οὖν
1164 2046 1305 2097 πρέπει
1337 2047 1453 2099 ἀνδρὶ
1484 2047 1622 2098 πένητι
1654 2048 1762 2100 εὐερ-

982 2123 1072 2176 γέτῃ
1121 2122 1296 2174 δεομένῳ
1343 2122 1453 2175 ἄγειν
1506 2123 1651 2175 σχολὴν
1699 2122 1762 2162 ἐπὶ

915 2193 917 2262 Ι
982 2206 1027 2253 τῇ
1056 2198 1221 2253 ὑμετέρᾳ
1242 2199 1548 2249 παρακελεύσει;
1577 2198 1651 2238 οὐκ
1668 2196 1756 2237 ἔσθ’

915 2264 917 2273 ‚
984 2274 1004 2313 ὅ
1035 2290 1068 2312 τι
1100 2278 1263 2324 μᾶλλον,
1294 2269 1323 2313 ὦ
1361 2273 1505 2325 ἄνδρες
1543 2278 1763 2325 Ἀθηναῖοι,

915 2274 917 2412 l
982 2348 1120 2400 πρέπει
1168 2350 1307 2399 οὕτως,
1351 2348 1402 2396 ὡς
1459 2349 1527 2389 τὸν
1579 2356 1760 2389 τοιοῦτον

983 2424 1111 2475 ἄνδρα
1166 2424 1208 2463 ἐν
1266 2426 1491 2480 πρυτανείῳ
1554 2428 1764 2474 σιτεῖσθαι,

983 2501 1085 2539 πολύ
1132 2515 1174 2551 γε
1221 2504 1369 2549 μᾶλλον
1417 2499 1442 2551 ἢ
1490 2500 1529 2539 εἴ
1559 2516 1615 2546 τις
1648 2500 1759 2550 ὑμῶν

120 2616 143 2655 “)
166 2616 251 2661 Ipse
289 2617 395 2653 Plato
430 2619 466 2654 in
503 2619 643 2663 Gorgia
676 2621 827 2664 dialogo
860 2621 1016 2655 Maierio
1052 2620 1268 2664 respondet,
1302 2621 1450 2664 opinor:
1487 2619 1563 2659 521.
1594 2619 1671 2653 5⁶22.
1696 2618 1757 2653 ubi

74 2677 247 2712 Socrates
259 2679 352 2713 artis
365 2679 584 2714 dialecticae
598 2681 853 2725 peritissimus
866 2680 1086 2725 depingitur
1101 2680 1168 2715 522
1181 2680 1227 2715 B:
1251 2686 1302 2712 ἐὰν
1324 2684 1353 2712 τέ
1373 2686 1421 2717 τις
1439 2695 1475 2720 με
1503 2683 1517 2720 ἢ
1542 2683 1759 2722 νεωτέρους

73 2746 114 2781 φῇ
148 2743 409 2783 διαφθείρειν
446 2748 618 2784 ἀπορεῖν
652 2751 861 2779 ποιοῦντα,
896 2745 910 2783 ἢ
936 2746 1006 2779 τοὺς
1028 2746 1257 2785 πρεσβυτέρους
1281 2751 1460 2786 κακηγορεῖν
1483 2744 1610 2781 λέγοντα
1633 2744 1759 2783 πικροὺς

73 2804 182 2838 λόγους
208 2814 233 2831 κ.
249 2814 272 2831 τ.
287 2806 309 2831 λ.

116 2858 207 2893 Item
237 2858 300 2894 521
317 2859 356 2894 Ε.
381 2865 450 2898 τοὺς
485 2867 712 2900 νεωτάτους
738 2868 820 2903 ὑμῶν
853 2867 1095 2906 διαφθείρει
1122 2867 1237 2902 τέμνων
1263 2877 1294 2895 τε
1321 2868 1370 2896 καὶ
1396 2867 1487 2900 κάων,
1512 2866 1561 2894 καὶ
1588 2866 1756 2903 ἶσχναίνων

73 2923 121 2951 καὶ
148 2925 263 2959 nvi-stov
282 2924 410 2963 ἀπορεῖν
432 2931 514 2954 ποιεῖ
538 2937 566 2955 κ.
581 2936 603 2954 τ.
618 2928 641 2954 λ,

118 2978 169 3013 De
194 2979 388 3024 impietate
414 2981 530 3016 nihilx
