2019 3299
1052 146 1109 188 24

300 267 533 311 Praeterea
565 267 679 324 apud
713 267 942 311 Platonem
976 268 1018 311 in
1046 268 1141 312 eius
1168 269 1296 326 Apol.
1324 285 1456 326 saepe
1482 268 1716 319 submisse,
1733 268 1923 312 demisse

242 342 404 393 timide,
447 358 689 399 numquam
730 343 898 392 acerbe,
941 359 1117 400 perraro
1160 345 1347 400 superbe
1385 344 1590 402 loquitur.
1633 343 1686 387 cf.
1724 343 1827 388 19C
1858 344 1922 383 καὶ

240 421 312 470 οὐχ
344 419 394 466 ὡς
427 420 623 469 ἀτιμάζων
653 421 749 471 λέγω
784 420 853 471 τὴν
886 422 1074 471 τοιαύτην
1106 420 1336 471 ἐπιστήμην.

301 493 398 536 Hoc
440 493 536 537 loco
571 493 759 537 fortasse
792 494 933 538 ironia
964 495 1180 552 quaedam
1215 496 1381 539 subest.
1414 495 1499 539 Sed
1532 511 1618 538 non
1654 499 1772 538 totus
1803 494 1926 538 locus

242 584 317 625 per
357 569 594 612 ludibrium
639 570 780 613 dictus
822 575 901 613 est.
943 570 989 614 Si
1038 571 1147 614 bene
1190 571 1544 628 perspexerimus
1587 571 1806 628 quomodo
1838 570 1926 614 alia

241 644 391 688 omnia
424 645 727 688 huiuscemodi
759 645 874 689 dicta
899 646 999 695 sint,
1027 647 1255 703 apparebit
1282 647 1352 690 hic
1375 662 1548 704 quoque
1568 647 1784 690 urbanum
1802 645 1925 688 illum

240 721 514 765 Platonicum
558 721 782 764 Socratem
825 721 958 779 loqui,
1003 738 1089 765 non
1131 722 1305 779 quidem
1340 722 1434 765 sine
1467 721 1818 766 dissimulatione
1851 721 1928 764 sed
1986 765 1990 769 ,

240 803 386 842 tamen
420 797 548 841 anxie
580 813 742 841 cavens
776 813 829 841 ne
862 798 1056 842 offendat
1088 798 1313 856 physicos,
1342 798 1416 855 qui
1442 803 1482 841 et
1510 798 1625 855 apud
1655 798 1798 855 ipsum
1832 797 1928 842 Pla—

240 879 385 917 tonem
429 890 516 918 non
554 874 647 917 sine
680 875 844 918 honore
876 879 992 918 sunt.
1026 876 1253 920 Platonem
1288 876 1402 919 enim
1437 875 1579 933 ipsum
1614 890 1711 918 cum
1739 890 1926 919 assensu

240 950 481 994 doctrinam
515 951 798 1008 physicorum
833 967 966 1008 saepe
992 952 1245 995 laudavisse
1278 957 1318 995 et
1352 952 1395 995 in
1430 967 1535 995 suos
1567 951 1765 1007 dialogos
1787 955 1926 994 trans-

240 1026 396 1070 tulisse
437 1042 487 1070 ex
530 1027 780 1077 Phaedone,
830 1027 1030 1077 Timaeo,
1074 1027 1252 1072 aliunde
1287 1033 1454 1071 notum.
1488 1026 1667 1070 Accedit
1699 1034 1745 1070 ut
1777 1025 1926 1071 omnia

241 1102 350 1145 haec
384 1103 517 1146 verba
548 1104 598 1146 19
618 1103 650 1146 C
680 1105 775 1143 ἀλλὰ
802 1105 874 1156 γὰρ
893 1105 977 1154 ἐμοὶ
995 1107 1144 1144 τούτων
1163 1123 1195 1144 κ.
1214 1122 1242 1143 τ.
1260 1110 1290 1144 λ.
1309 1120 1406 1147 cum
1426 1104 1628 1161 emphasi
1646 1103 1928 1161 pronuntiata

241 1177 327 1220 sint
372 1194 511 1235 neque
559 1178 653 1221 sine
695 1178 1029 1222 confirmatione
1071 1180 1263 1236 quadam
1306 1184 1346 1223 et
1388 1179 1732 1224 asseveratione.
1765 1179 1930 1236 Magna

240 1254 519 1298 contentione
562 1254 726 1298 iudices
770 1260 916 1298 monet
962 1260 1001 1298 et
1047 1255 1245 1299 hortatur
1288 1260 1335 1299 ut
1366 1255 1481 1299 alius
1513 1256 1647 1300 alium
1683 1256 1735 1299 de
1767 1255 1850 1299 hac
1881 1271 1926 1299 re

238 1330 413 1374 doceat:
456 1331 577 1371 ἀλλὰ
623 1333 714 1385 γὰρ
748 1332 833 1383 ἐμοὶ
864 1334 1028 1383 τούτων,
1060 1329 1089 1372 ὦ
1121 1333 1265 1385 ἄνδρες
1299 1338 1517 1384 Ἀθηναῖοι,
1549 1332 1707 1373 οὐδὲν
1740 1333 1926 1383 μέτεστιν.

239 1408 439 1459 μάρτυρας
472 1406 509 1447 δ’
547 1409 680 1448 αὐτῶν
712 1408 825 1460 ὑμῶν
855 1409 1083 1456 πολλοὺς
1117 1408 1351 1462 παρέχομαι,
1381 1409 1444 1449 καὶ
1478 1409 1574 1457 ἀξιῶ
1605 1410 1704 1461 ὑμᾶς
1731 1408 1926 1461 ἀλλήλους

241 1484 517 1523 διδάσκειν
557 1499 605 1524 τε
647 1484 731 1524 καὶ
764 1485 998 1536 φράζειν,
1031 1485 1119 1524 ὅσοι
1152 1484 1251 1535 ἐμοῦ
1283 1486 1490 1525 πώποτε
1523 1485 1718 1537 ἀκηκόατε
1751 1486 1928 1539 διαλεγο-

239 1558 376 1609 μένου
421 1559 606 1599 πολλοὶ
652 1558 694 1599 δὲ
729 1560 844 1610 ὑμῶν
882 1561 922 1599 οἱ
962 1562 1138 1600 τοιοῦτοί
1178 1561 1263 1601 εἶσι·
1296 1562 1516 1613 φράζετε
1548 1556 1637 1600 οὗν
1668 1561 1864 1612 ἀλλήλοις,
1894 1561 1928 1601 εἰ

239 1638 441 1676 πώποτε
482 1636 507 1689 ἢ
550 1637 716 1689 σμικρὸν
757 1636 782 1689 ἢ
817 1636 935 1690 μέγα
967 1636 1115 1689 ἤκουσέ
1145 1653 1201 1685 τις
1234 1637 1347 1688 ὑμῶν
1379 1637 1476 1688 ἐμοῦ
1508 1636 1597 1689 περὶ
1628 1644 1705 1676 τῶν
1735 1637 1927 1677 τοιούτων

240 1712 536 1765 διαλεγομένου·
582 1712 649 1752 καὶ
693 1712 735 1752 ἐκ
781 1715 924 1753 τούτου
965 1714 1171 1766 γνώσεσθε
1213 1714 1268 1752 ὅτι
1309 1711 1451 1753 τοιαῦτ’
1484 1713 1561 1752 ἐστὶ
1592 1712 1659 1752 καὶ
1691 1709 1808 1751 τᾶλλα
1838 1712 1927 1764 περὶ

241 1787 337 1839 ἐμοῦ
369 1787 394 1827 ἂ
426 1789 464 1828 οἳ
494 1788 633 1828 πολλοὶ
663 1788 857 1842 λέγουσιν.
903 1788 1001 1828 ἀλλὰ
1033 1789 1107 1841 γὰρ
1135 1789 1253 1828 οὔτε
1284 1792 1433 1828 τούτων
1466 1786 1624 1828 οὐδὲν
1656 1787 1773 1839 ἔστιν,
1804 1787 1927 1828 οὐδέ

240 1861 271 1916 γ’
306 1864 345 1903 εἴ
369 1880 476 1911 τινος
507 1864 701 1915 ἀκηκόατε
733 1864 784 1912 ὡς
817 1864 890 1917 ἐγὼ
925 1865 1133 1904 παιδεύειν
1166 1864 1344 1916 ἐπιχειρῶ
1377 1863 1622 1914 ἀνθρώπους
1654 1863 1718 1902 καὶ
1749 1864 1928 1915 χρήματα

240 1941 473 1992 πράττομαι,
503 1939 626 1979 οὐδὲ
658 1947 809 1980 τοῦτο
843 1940 1049 1991 ἀληθές.

301 2014 403 2057 Non
435 2014 588 2070 ignoro
620 2014 689 2058 hic
721 2020 852 2072 atque
885 2014 985 2065 illic,
1019 2014 1081 2058 sic
1107 2018 1152 2058 ut
1180 2014 1397 2057 urbanum
1426 2019 1467 2057 et
1495 2014 1683 2058 facetum
1703 2013 1926 2058 hominem

242 2090 379 2139 decet,
411 2089 574 2134 ironice
605 2090 724 2147 loqui
752 2091 995 2134 Socratem.
1025 2091 1147 2134 Haec
1174 2097 1320 2134 autem
1349 2090 1404 2134 ab
1433 2090 1552 2133 omni
1578 2089 1928 2134 dissimulatione

242 2166 389 2210 aliena
430 2182 526 2209 esse
569 2166 714 2223 quivis
757 2166 887 2209 videt.
931 2166 1026 2209 Hoc
1060 2166 1189 2209 modo
1221 2165 1413 2223 loquitur
1445 2165 1480 2208 is
1518 2165 1593 2222 qui
1624 2169 1746 2208 extra
1783 2165 1925 2208 iocum

244 2246 285 2285 et
324 2241 439 2286 serio
471 2257 561 2285 rem
592 2242 715 2298 gerit,
759 2242 801 2285 id
843 2242 959 2299 quod
997 2242 1088 2298 ipse
1122 2242 1280 2284 diserte
1313 2246 1562 2285 asseverat:
1596 2241 1706 2285 20D
1739 2242 1803 2281 καὶ
1835 2243 1927 2289 ἴσως

242 2319 313 2371 μὲν
355 2321 456 2367 δόξω
498 2319 598 2358 τισὶν
644 2320 756 2370 ὑμῶν
787 2321 955 2370 παίζειν,
987 2315 1039 2358 εὖ
1080 2318 1255 2369 μέντοι
1290 2320 1409 2370 ἴστε,
1439 2325 1572 2357 πᾶσαν
1604 2318 1700 2369 ὑμῖν
1731 2317 1802 2368 τὴν
1834 2317 1928 2368 ἀλή-

243 2401 366 2435 θειαν
405 2395 489 2445 ἐρῶ.
524 2393 577 2443 ef,
617 2394 666 2437 17
687 2394 735 2443 Β,
769 2395 825 2437 33
846 2393 892 2437 C.

304 2469 389 2513 Ubi
445 2473 592 2513 autem
649 2469 700 2512 de
749 2469 1085 2526 Chaerephonte
1131 2468 1358 2512 oraculum
1405 2467 1626 2524 Apollinis
1673 2467 1929 2511 consulente

241 2546 362 2603 loqui
392 2545 541 2602 incipit
573 2545 762 2588 maxime
790 2560 965 2602 operam
997 2545 1068 2588 dat
1094 2560 1146 2587 ne
1176 2544 1398 2594 vanitatis,
1427 2543 1678 2599 impietatis,
1696 2543 1928 2600 superbiae

243 2614 487 2666 accuseturss
543 2621 808 2664 Excusantis
858 2621 1076 2677 permulta
1108 2619 1308 2676 *legimus
1356 2620 1425 2662 hic
1475 2618 1712 2662 vocabula:
1751 2621 1819 2659 καί
1862 2636 1928 2671 μοι

244 2700 305 2751 μὴ
352 2700 704 2751 θορυβήσητε,
750 2696 863 2749 μηδ’
916 2699 985 2738 ἐὰν
1029 2699 1131 2745 δόξω
1173 2714 1207 2736 τι
1255 2697 1346 2747 ὑμῖν
1380 2695 1500 2748 μέγα
1532 2696 1712 2748 λέγειν·
1745 2696 1802 2734 οὐ
1835 2695 1926 2748 γὰρ

245 2776 367 2827 ἐμὸν
399 2775 491 2826 ἐρῶ
525 2775 611 2815 τὸν
643 2777 813 2827 λόγον,
844 2774 891 2814 ὃν
923 2774 973 2813 ἂν
1005 2775 1117 2826 λέγω,
1149 2771 1225 2813 ἀλλ’
1263 2774 1338 2820 εἰς
1369 2773 1652 2824 ἀξιόχρεων
1687 2773 1809 2823 ὑμῖν
1841 2773 1928 2812 τὸν

244 2851 462 2903 λέγοντα
504 2850 710 2890 ἀνοίσω.
753 2859 820 2902 τῆς
853 2851 927 2902 γὰρ
961 2851 1069 2902 ἐμῆς,
1104 2851 1140 2889 εἰ
1170 2850 1218 2900 δὴ
1252 2852 1307 2896 τίς
1340 2849 1419 2888 ἐστι
1451 2849 1574 2898 σοφία
1606 2848 1672 2886 καὶ
1704 2849 1782 2899 οἵα,
1813 2849 1927 2900 μάρ-

245 2943 374 2974 τυρα
407 2931 503 2976 ῦμῖν
535 2926 754 2977 παρέξομαι
787 2927 867 2966 τὸν
902 2927 1019 2965 θεὸν
1052 2926 1138 2965 τὸν
1171 2925 1220 2964 ἐν
1256 2929 1491 2974 Δελφοῖς.
1527 2960 1592 2962 a?
1756 2923 1821 2963 καὶ
1848 2925 1927 2963 ἴστε

2014 186 2019 277 ἐ
