2019 3299
1077 171 1132 213 68

224 297 352 348 ’μέγα
393 313 458 347 μοι
498 297 706 346 τεκμήριον
748 297 888 335 τούτου
931 296 1104 347 γέγονεν·
1147 296 1194 335 οὐ
1228 296 1300 348 γὰρ
1334 294 1422 335 ἔσθ’
1462 297 1567 343 ὅπως
1601 297 1672 335 οὐκ
1707 296 1940 348 ἠναντιώθη

253 371 302 410 ἄν
335 388 402 421 μοι
433 372 474 410 τὸ
507 372 649 417 εἰωθὸς
682 375 860 421 σημεῖον,
891 372 922 409 εἰ
955 371 1007 420 μή
1044 388 1075 408 τι
1109 372 1271 420 ἔμελλον
1303 371 1376 423 ἐγὼ
1410 371 1569 423 ἀγαθὸν
1602 374 1776 421 πράξειν.

314 446 406 489 Iam
448 446 596 489 statim
641 445 747 489 haec
790 446 923 488 verba
965 445 1174 488 demiror:
1222 445 1338 488 Mors¹
1385 446 1550 488 malum
1596 462 1682 488 non
1718 451 1796 496 est,
1831 446 1938 489 nulli

255 521 434 564 1101111111.
478 521 576 571 Qua
616 537 660 564 re
694 521 846 563 nititur
880 521 988 564 haec
1022 521 1275 564 sententia?
1309 520 1434 571 Quod
1470 521 1732 578 philosopho
1764 521 1937 565 cuidam

253 612 340 645 r,eo
387 596 455 640 cui
504 611 661 638 nomen
711 596 914 639 Sociates
956 595 1222 644 Platonich
1266 597 1545 639 daemonium
1589 597 1806 654 quoddam
1851 611 1936 639 non

252 672 528 716 denuntiavit
570 687 654 714 non
698 687 796 714 0550
839 672 1191 728 respondendum
1235 673 1349 729 apud
1391 672 1570 716 iudices.
1606 672 1720 715 Hinc
1752 671 1939 715 efficitur

253 748 415 792 nemini
456 752 639 790 1110110111
683 763 779 790 0550
825 734 1241 803 pertimescendam!
1287 747 1448 802 (ημεῖς
1487 751 1559 788 οὐκ
1593 749 1726 799 ὀρθῶς
1758 750 1937 799 ὑπολαμ

252 827 428 875 βάνομεν
462 826 574 864 ὅσοι
609 826 824 874 οιόμεθα
858 825 1018 862 κακὸν
1051 821 1188 862 εἶπαι
1220 825 1274 865 τὸ
1309 823 1576 877 τεθνάναι)
1611 824 1818 866 Attamen
1837 822 1948 866 aliis-

250 899 357 942 locis
399 899 437 942 ei
481 914 744 955 persuasum
789 903 881 941 erat
928 898 1090 941 malum
1126 914 1223 941 esse
1258 904 1456 941 mortem.
1491 898 1618 955 Apol.
1652 899 1707 941 29
1729 898 1774 947 Β,
1811 897 1866 941 37
1887 897 1934 947 Β,

250 976 361 1018 38D
392 975 495 1028 (vid,
528 990 663 1031 supra
697 989 794 1030 pag.
830 975 916 1024 58).

309 1051 442 1108 Atqui
482 1049 606 1107 fac¹)
654 1055 835 1092 mortem
871 1065 969 1092 esse
998 1049 1178 1092 malum.
1215 1049 1553 1093 Defendissetne
1586 1065 1688 1105 ergo
1722 1065 1859 1106 usque
1892 1049 1934 1091 111

248 1126 550 1169 aeternitatem
585 1126 808 1168 Socratem
839 1141 966 1167 suum
996 1125 1050 1168 ab
1082 1125 1161 1167 1100
1190 1125 1304 1167 malo
1333 1125 1675 1168 dae=110niu1ni>1
1706 1125 1934 1181 Rogamus

247 1201 349 1258 quid
390 1202 470 1244 hoc
502 1201 596 1243 loco
629 1200 909 1244 daemonium
942 1216 1186 1256 repugnare
1222 1201 1422 1256 poluerit.
1458 1200 1601 1243 Eundi
1632 1201 1697 1243 vel
1730 1200 1933 1244 manendi

247 1277 475 1320 arbitrium
520 1293 604 1320 non
644 1277 729 1320 iam
763 1277 948 1319 liberum
984 1276 1020 1319 ei
1055 1281 1160 1319 erat.
1195 1276 1404 1333 Sequitur
1437 1276 1538 1319 111110
1574 1281 1618 1319 ut
1651 1276 1931 1319 daemonium

247 1353 362 1409 apud
404 1353 632 1396 Platonem
668 1357 705 1395 01
736 1352 900 1396 frustra
931 1352 1153 1395 dehortari
1187 1352 1326 1409 possit
1360 1357 1400 1395 et
1432 1358 1522 1395 tum
1558 1367 1801 1409 repugnare
1834 1367 1932 1394 cum

248 1429 356 1472 1111111
387 1445 515 1486 agere
549 1429 687 1486 possit
718 1433 871 1472 contra
904 1429 944 1471 id
977 1429 1090 1485 quod
1126 1428 1274 1471 instat.
1311 1428 1374 1470 Ex
1408 1428 1489 1471 hac
1521 1444 1565 1471 re
1597 1443 1771 1484 quoque
1799 1442 1932 1483 appa·

246 1521 339 1548 rere
369 1505 537 1548 videtur
567 1504 666 1548 ficta
694 1504 820 1547 nobis
850 1503 1035 1560 proponi
1063 1508 1103 1545 et
1134 1519 1279 1546 veram
1299 1503 1520 1546 daemonii
1541 1503 1628 1546 vim
1646 1502 1930 1559 autignoraii

247 1586 321 1623 aut
365 1580 548 1637 neglegi.
593 1581 707 1623 Deos
750 1580 866 1623 enim
901 1584 992 1622 tum
1027 1594 1204 1622 monere
1238 1578 1441 1621 homines
1473 1594 1570 1621 cum
1606 1578 1823 1621 monendo
1855 1575 1931 1620 005

245 1656 454 1700 adiuvare
495 1672 581 1699 non
620 1656 706 1699 iam
740 1658 939 1712 possunt,
973 1653 1177 1697 credibile
1211 1669 1295 1696 non
1330 1659 1407 1696 est.
1442 1653 1796 1697 Fundamentum
1829 1668 1931 1708 ergo

246 1733 376 1775 huius
408 1731 782 1775 confabulationis
815 1729 1073 1773 ementitum
1112 1733 1152 1772 et
1185 1729 1418 1772 confictum
1454 1745 1549 1772 0550
1585 1728 1798 1772 videmus.

303 1807 607 1851 Animadverti
637 1812 678 1850 et
714 1807 768 1849 H.
804 1806 950 1848 MAIER
983 1805 1009 1848 l.
1028 1805 1053 1848 1.
1085 1821 1123 1861 p.
1152 1805 1237 1848 459
1267 1805 1380 1848 hanc
1408 1805 1745 1861 discrepantiam
1768 1804 1930 1847 vidisse

244 1889 284 1927 et
317 1882 583 1926 defendisse.
1729 1886 1732 1888 '

302 1959 451 2016 Ipsum
497 1958 636 2002 virum
681 1958 856 2001 doctum
900 1956 1158 2000 audiamus:
1197 1956 1332 2010 „Hier
1366 1956 1519 1999 stelien
1556 1956 1849 2011 Handlungen
1884 1955 1926 1998 in

242 2034 381 2091 Frage
433 2062 482 2066 —
533 2035 611 2078 das
662 2034 918 2090 Weggehen
970 2048 1053 2075 von
1104 2033 1269 2080 Hause,
1319 2033 1399 2075 das
1446 2031 1716 2075 Erscheinen
1760 2047 1816 2075 an
1855 2031 1930 2074 der

241 2110 577 2154 Gerichtsstatle
613 2137 679 2158 -—‚
714 2110 853 2152 denen
886 2109 1136 2165 gegenuber
1164 2108 1369 2151 Socrates
1404 2107 1485 2150 wie
1518 2122 1565 2150 es
1593 2107 1674 2150 den
1701 2107 1927 2150 Anschein

243 2188 315 2229 hat
360 2186 487 2229 keine
531 2185 665 2229 Walil
700 2185 823 2228 mehr
855 2184 1070 2226 zwischen
1106 2183 1205 2226 Tun
1241 2176 1326 2226 und
1362 2183 1526 2226 Lassen
1562 2183 1696 2232 hatte,
1730 2183 1817 2226 und
1851 2182 1928 2226 das

240 2262 528 2305 Daemonium
565 2262 684 2304 hatte
718 2261 799 2303 wie
834 2276 935 2303 man
965 2259 1157 2303 darnach
1187 2259 1437 2302 annelimen
1465 2274 1515 2301 zu
1544 2266 1724 2302 mussen
1743 2257 1927 2305 scheint.

238 2352 364 2380 wenn
383 2353 430 2380 es
462 2336 554 2380 sich
587 2340 814 2393 geauszert
843 2336 974 2383 hatte,
1006 2351 1088 2377 nur
1115 2334 1182 2377 die
1212 2334 1338 2377 Rolle
1357 2334 1431 2377 des
1453 2334 1923 2390 Ungluckspropheten

237 2413 404 2469 spielen
448 2414 637 2456 konnen.
682 2414 744 2455 Zu
778 2413 859 2455 den
894 2411 1167 2467 subjectiven
1202 2410 1578 2465 Erscheinungen‚
1613 2409 1680 2452 die
1713 2409 1926 2452 Sokrates

237 2488 316 2532 auf
355 2489 433 2532 das
476 2488 739 2531 Daimonion
784 2486 1122 2543 zui-uckgefuhrt
1167 2486 1300 2530 hatte.
1346 2491 1513 2528 musste
1547 2500 1647 2528 man
1682 2484 1777 2528 also
1811 2483 1921 2527 auch

237 2563 306 2606 ein
343 2564 662 2607 Vorausahnen
696 2563 948 2606 drohenden
984 2561 1170 2605 Unheils
1203 2561 1372 2607 zahlen.
1407 2561 1493 2603 und
1526 2559 1776 2616 Xenophon
1811 2566 1924 2601 ware

237 2639 313 2681 mit
353 2638 496 2681 seiner
537 2638 817 2693 Auffassung
859 2636 1134 2680 schliesslich
1179 2636 1288 2679 doch
1333 2635 1411 2679 auf
1441 2635 1537 2678 dem
1572 2635 1748 2678 rechten
1784 2633 1922 2690 Wege

235 2713 483 2770 gewesen”.

281 2829 305 2870 ¹)
330 2832 357 2860 εἰ
377 2833 418 2868 μή
432 2840 464 2860 τι
488 2832 610 2867 ἔμελλον
637 2832 692 2868 ἐγὼ
714 2830 839 2867 ἀγαθὸν
854 2829 990 2870 πράξειν.
1006 2825 1084 2859 Hoc
1100 2826 1198 2860 enim
1216 2827 1273 2859 est
1288 2825 1388 2869 quod
1404 2826 1607 2869 pugnatur,
1621 2824 1918 2859 interventurum

234 2889 350 2923 fuisse
382 2888 620 2922 daemonium
650 2890 686 2922 si
720 2900 818 2921 mors
852 2887 986 2921 malum
1023 2888 1136 2928 esset,
1169 2898 1378 2930 repugnare
1407 2886 1520 2928 igilur
1544 2895 1655 2929 posse
1681 2883 1918 2918 daemonium

233 2962 314 2984 eum
334 2949 582 2993 repugnando
609 2948 660 2983 nil
686 2961 797 2992 agere
822 2949 963 2993 possiti
