2019 3299
1061 175 1137 204 XIV

222 314 225 320 -
255 285 353 329 tulit
405 290 613 342 punctum
660 284 732 341 qui
779 284 1037 327 commotior
1079 284 1242 334 animo,
1276 284 1398 340 gravi
1435 299 1540 327 voce
1573 289 1613 327 et
1647 299 1809 341 magna
1839 299 1938 328 con-

254 360 448 403 tentione
487 386 532 391 —
565 359 690 402 bonis
723 359 927 402 nimirum
960 359 1173 402 lateribus
1206 359 1430 415 praeditus
1452 386 1518 414 —,
1550 359 1744 416 privatas
1762 375 1938 416 persua-

254 435 401 479 siones
434 440 473 478 et
507 434 736 490 opiniones
771 450 845 490 pro
878 434 1152 490 argumentis
1180 435 1341 491 profert
1371 439 1501 492 atque
1529 449 1660 491 saepe
1678 435 1963 479 auctoritate¹

255 511 421 554 abusus
463 510 693 567 imperiose
735 510 929 553 declarat
966 525 1069 553 vera
1101 525 1197 552 esse
1228 525 1341 566 quae
1374 509 1457 552 sibi
1495 510 1668 566 placent
1699 525 1939 567 severeque

255 591 407 629 contra
447 592 674 630 asseverat
717 586 828 630 alias
870 585 1056 629 aliorum
1100 586 1325 628 doctorum
1363 584 1604 629 sententias
1636 589 1678 628 et
1709 585 1940 642 opiniones

255 678 352 706 esse
399 678 541 706 meras
589 662 777 712 fabulas,
825 663 962 718 logos,
1009 678 1163 717 nugas.
1206 661 1289 713 Qui
1335 662 1414 705 viri
1456 661 1569 705 docti
1606 661 1768 706 indicia
1798 661 1940 718 magis

253 737 443 781 offerunt
474 738 601 782 calidi
636 738 800 794 ingenii
833 753 965 794 quam
1000 738 1223 781 doctrinae
1256 743 1295 780 et
1329 737 1599 793 sagacitatis.

312 813 535 856 Interdum
581 829 681 856 vero
725 818 995 870 spectatores
1039 813 1236 856 incedere
1278 813 1423 856 vident
1459 812 1600 856 virum
1643 813 1938 857 clarissimum

254 889 684 946 eruditissimumque
726 904 890 945 magna
932 889 1244 945 discipulorum
1291 888 1480 945 stipante
1513 893 1702 938 caterva,
1737 893 1939 946 saeptum

251 964 475 1009 literarum
523 965 656 1008 armis
705 970 745 1008 et
793 965 1034 1014 doctrinae,
1092 964 1267 1021 egregia
1320 964 1641 1022 magnificaque
1689 963 1941 1021 spectacula

251 1041 548 1097 praebiturum
593 1042 761 1084 theatro
801 1040 1111 1097 iuniorumque
1145 1056 1348 1083 coronae.
1385 1040 1599 1083 Homines
1631 1045 1672 1083 et
1706 1039 1868 1083 tirones
1899 1043 1941 1083 et

254 1116 331 1159 viri
374 1116 487 1159 docti
519 1131 693 1173 quoque
732 1120 956 1172 spectatae
992 1116 1165 1158 virtutis
1204 1115 1322 1158 taciti
1357 1115 1533 1173 altoque
1566 1115 1741 1159 silentio
1776 1116 1818 1158 in
1852 1130 1939 1159 uno

252 1192 403 1235 obtutu
454 1192 633 1235 haerent
682 1191 823 1234 defixi·
874 1191 986 1234 Sunt
1034 1191 1166 1234 etiam
1216 1207 1327 1247 quos
1377 1192 1536 1248 pudeat
1584 1207 1692 1235 suae
1744 1191 1939 1248 ipsorum

253 1267 463 1311 vanitatis
496 1272 627 1324 atque
662 1267 918 1327 imperitiae.
964 1267 1041 1309 1116
1080 1272 1241 1316 autem,
1278 1272 1512 1310 veteranus
1544 1267 1775 1323 gladiator,
1811 1281 1943 1322 saepe

253 1343 548 1387 difficillimam
596 1343 901 1399 quaestionem
945 1348 1156 1400 tanquam
1200 1343 1418 1400 quendam
1458 1343 1620 1386 nodum
1653 1341 1939 1392 Gordianum,

251 1419 361 1463 alter
393 1419 657 1473 Alexander,
691 1434 778 1461 uno
811 1418 899 1461 ictu
934 1418 1133 1461 diffindit.

309 1495 362 1538 Et
409 1511 562 1538 omnes
611 1494 738 1537 nobis
787 1510 936 1538 veram
986 1494 1221 1550 imaginem
1272 1494 1359 1537 veri
1409 1499 1449 1537 et
1502 1493 1694 1537 historici
1745 1493 1939 1538 Socratis

251 1571 497 1628 depingere,
546 1570 690 1627 qualis
740 1576 1023 1628 quantusque
1071 1570 1202 1613 fuerit
1237 1570 1540 1614 demonstrare
1574 1570 1769 1627 cupiunt.
1802 1570 1942 1614 Unus·

249 1646 435 1704 quisque
482 1645 697 1690 exclamat
749 1646 882 1701 „mihi
919 1646 1090 1695 crede”,
1133 1646 1246 1689 alius
1290 1646 1499 1696 suaviter,
1542 1646 1863 1690 causidicorum
1895 1645 1940 1689 in

250 1722 442 1771 modum,
491 1722 699 1771 suadens,
749 1722 860 1765 alius
911 1722 1092 1778 placide,
1139 1721 1252 1765 alius
1301 1721 1534 1778 imperiose
1585 1709 1720 1776 „mihi
1771 1721 1939 1772 crede”‚

255 1798 407 1852 „crede
440 1797 599 1840 mihi'’!

305 1873 423 1916 Inter
463 1890 573 1930 quos
619 1890 670 1916 ne
713 1874 870 1918 sannio
914 1873 1088 1930 quidem
1125 1874 1260 1922 deest,
1299 1873 1371 1929 qui
1406 1873 1640 1917 hilaritatis
1674 1877 1818 1930 partes
1851 1873 1940 1929 agit

249 1949 453 2002 (Gallicez
489 1952 593 1993 note
625 1951 750 2005 glorie)
780 1954 821 1992 et
855 1964 1059 2005 magnam
1094 1949 1431 1992 delectationem
1460 1949 1586 1992 affert
1604 1948 1939 2004 spectatoribus.

250 2025 294 2067 ls
341 2024 676 2068 festivissimum
725 2024 767 2067 in
818 2025 994 2068 modum
1038 2030 1167 2068 acuta
1212 2040 1315 2067 voce
1356 2024 1594 2067 identidem
1637 2023 1833 2067 clamitat
1873 2026 1940 2065 τὸν

250 2103 534 2152 Άνυντόδητον,
574 2102 642 2141 τὸν
676 2101 820 2154 Μέγαν
844 2101 1050 2152 ’Ἀλουτον,
1082 2100 1195 2144 male
1243 2115 1399 2143 sanum
1435 2104 1474 2143 et
1514 2104 1658 2143 mente
1690 2106 1867 2157 captum
1900 2105 1942 2143 et

249 2175 433 2218 delirum
481 2191 630 2219 senem
681 2175 817 2219 fuisse
866 2181 907 2218 et
955 2176 1107 2218 morbo
1147 2192 1246 2219 eum
1279 2176 1508 2218 laborasse
1541 2175 1616 2231 qui
1649 2175 1778 2218 hodie
1810 2175 1942 2232 vulgo

249 2251 476 2294 hominum
520 2256 688 2294 mentes
731 2251 992 2307 animosque
1028 2251 1268 2307 perturbat,
1302 2251 1376 2308 qui
1409 2251 1662 2294 nominatur
1692 2253 1942 2296 Paranoia

250 2329 533 2383 Paralytica
565 2329 982 2381 Philosophastriw
1001 2326 1046 2380 ¹).
1066 2343 1070 2348 ·

306 2402 389 2454 Qui
425 2418 527 2446 vero
562 2419 677 2445 nunc
712 2418 854 2445 novus
888 2403 1117 2458 gladiator,
1154 2403 1450 2445 homunculus
1482 2418 1648 2459 parvus
1680 2407 1720 2445 et
1749 2402 1941 2457 humilis,

249 2478 556 2535 pedetemptim
591 2493 772 2521 arenam
807 2478 1060 2533 ingreditur,
1081 2478 1297 2521 sollicitus
1316 2478 1554 2521 ettimidus
1573 2494 1625 2521 ne
1643 2478 1942 2534 spectaculum

248 2554 472 2610 indignum
509 2554 714 2610 praebeat
753 2582 801 2585 —
838 2570 948 2611 quae
994 2559 1058 2597 est
1098 2554 1318 2596 iuniorum
1354 2553 1395 2596 in
1429 2553 1765 2610 quaestionibus
1796 2553 1942 2609 dispu-

221 2629 396 2673 tandis
440 2629 657 2686 imperitia
692 2657 741 2661 —
778 2630 829 2672 de
873 2645 937 2678 eo,
983 2630 1017 2673 O
1051 2630 1185 2672 lector
1229 2629 1453 2678 benevole,
1494 2629 1581 2672 noli
1615 2628 1746 2671 nimis
1778 2644 1941 2680 severe,

251 2704 380 2747 nimis
413 2704 643 2754 subtiliter,
690 2705 819 2747 nimis
859 2705 1074 2761 sagaciter
1108 2704 1313 2748 iudicare.
1348 2704 1623 2747 Luctandum
1659 2704 1697 2746 ei
1730 2719 1847 2747 nunc
1877 2708 1943 2747 est

250 2796 347 2823 cum
391 2780 525 2822 isdem
570 2780 915 2829 ‹litticultatibuffi
962 2781 1002 2822 in
1038 2780 1197 2837 quihus
1232 2780 1310 2822 viri
1345 2781 1472 2829 docti,
1507 2779 1769 2836 quibuscum
1803 2794 1943 2836 neque

293 2944 318 2983 1)
345 2942 571 2976 ΑιΕΧΑΝοΕΙῑ
599 2941 858 2981 Moszxowsm,
883 2941 1066 2976 Sokrates
1092 2941 1156 2975 der
1183 2942 1290 2980 ldiet,
1318 2942 1348 2979 7,
1377 2942 1448 2975 108.
