2019 3299
498 900 1342 997 PROOEMIUM.

146 1209 350 1253 Socrates
384 1214 424 1252 et
456 1208 610 1251 iterum
650 1206 853 1250 Socrates
886 1211 927 1248 et
963 1233 1010 1236 —
1047 1206 1222 1261 dempto
1257 1206 1340 1248 fine
1377 1231 1425 1235 —
1463 1202 1686 1248 Socrates!

145 1285 334 1342 Pergunt
380 1284 495 1327 enim
548 1282 624 1325 viri
678 1281 792 1324 docti
841 1296 1033 1337 pugnare
1088 1281 1296 1324 acerrime
1344 1280 1429 1323 iam
1479 1294 1553 1334 per
1597 1277 1765 1334 aliquot

88 1360 297 1403 decennia
339 1360 389 1403 de
433 1356 581 1401 nostro
625 1357 884 1414 philosopho
939 1357 1081 1413 Spissi
1113 1357 1225 1405 libri,
1260 1355 1589 1399 dissertationes
1621 1353 1765 1396 elabo-

88 1441 221 1484 ratae,
264 1437 417 1479 doctae
460 1432 853 1477 commentationes
886 1432 1169 1489 omniumque
1201 1446 1408 1488 generum
1444 1430 1606 1486 scripta
1638 1429 1768 1483 longo

88 1511 261 1568 agmine
304 1510 421 1554 aliud
462 1514 558 1566 post
601 1508 719 1552 aliud
753 1508 991 1565 quotannis
1024 1507 1065 1550 in
1100 1508 1240 1550 lucem
1277 1507 1504 1563 prodeunt.
1540 1503 1764 1547 Iucundis-

89 1586 246 1630 simum
296 1587 593 1643 spectaculum
641 1591 702 1629 est
763 1586 802 1628 in
853 1586 1016 1641 Magna
1062 1585 1211 1628 Arena
1258 1585 1421 1628 Rerum
1469 1582 1763 1627 Classica1·um

88 1662 373 1718 contemplari
421 1667 461 1705 et
508 1662 657 1705 audire
700 1661 880 1704 iuvenes
923 1660 1258 1717 promovendos,
1302 1660 1418 1702 viros
1452 1659 1616 1706 doctos,
1651 1657 1766 1699 viros

88 1735 377 1785 doctissimos,
420 1737 536 1780 viros
580 1736 848 1779 clarissimos
890 1735 1298 1791 eruditissimosque
1340 1734 1472 1777 alium
1516 1733 1649 1777 alium
1694 1737 1767 1775 aut

89 1811 310 1855 iuvantem
345 1817 418 1856 aut
453 1813 795 1870 impugnantem.

146 1886 342 1931 Iuniores
386 1888 515 1944 vulgo
559 1888 829 1931 haesitantes
874 1887 1085 1943 proelium
1121 1886 1285 1934 ineunt,
1321 1901 1433 1928 unus
1473 1888 1512 1926 et
1545 1884 1654 1927 alter
1685 1882 1764 1925 sibi

89 1963 264 2007 confidit
313 1981 453 2022 neque
501 1965 596 2008 sine
639 1964 787 2021 aliqua
840 1963 999 2007 {iducia
1036 1963 1101 2007 sui
1137 1979 1294 2007 manus
1326 1976 1554 2004 conserere
1587 1963 1767 2016 paratus

87 2044 166 2089 est,
216 2056 391 2096 perraro
446 2045 591 2083 autem
640 2039 773 2082 alacri
829 2044 869 2081 et
925 2043 1067 2081 erecto
1114 2038 1261 2081 animo
1311 2037 1422 2079 ultro
1470 2035 1666 2078 seniores
1714 2033 1765 2076 ad

90 2131 277 2171 pugnam
320 2116 556 2159 lacessunt.
601 2115 855 2158 Cavendum
895 2114 1010 2156 enim
1056 2113 1107 2156 iis
1141 2118 1204 2156 est
1245 2128 1297 2155 ne
1330 2127 1429 2155 mox
1462 2118 1532 2154 aut
1569 2123 1768 2152 summae

89 2191 388 2247 neglegentiae
416 2196 457 2234 et
483 2190 726 2247 imperitiae
753 2190 1085 2239 convincantur,
1114 2194 1185 2232 aut
1211 2204 1236 2232 a
1254 2187 1574 2245 spectatoribus
1592 2185 1769 2228 odiosae

90 2267 364 2322 arrogantiae
398 2265 746 2322 insolentiaeque
780 2270 1054 2308 accusentur.

147 2341 181 2383 E
227 2341 327 2384 viris
375 2342 510 2384 doctis
557 2340 910 2397 doctissimisque
954 2355 1174 2382 nonnemo
1217 2337 1408 2395 procedit
1450 2336 1614 2393 ingenti
1656 2335 1768 2378 libro

89 2422 283 2460 armatus
322 2424 361 2461 et
394 2418 562 2475 placide
596 2417 714 2475 prius
748 2417 938 2460 ostendit
972 2422 1012 2460 et
1045 2416 1194 2459 ordine
1228 2414 1403 2471 exponit
1436 2418 1696 2470 argumenta
1728 2417 1767 2455 et

89 2493 342 2536 testimonia
377 2521 425 2524 —
461 2493 725 2536 uberrimam
770 2492 991 2535 materiem
1026 2491 1150 2534 cuius
1183 2490 1431 2533 firmitatem
1467 2504 1593 2531 nemo
1628 2493 1770 2545 potest

92 2583 175 2610 non
211 2569 414 2624 probare!
450 2595 514 2622 —‚
543 2568 697 2611 deinde
725 2584 778 2611 ex
806 2584 858 2610 ea
887 2567 1080 2611 materie.
1111 2582 1161 2609 ex
1185 2581 1236 2609 ea
1263 2565 1481 2622 exquisita
1508 2569 1546 2607 et
1565 2568 1769 2607 accurata

92 2643 299 2693 doctrina,
349 2645 510 2701 probus
546 2644 823 2691 architectus,
867 2642 1166 2685 firmissimum
1199 2640 1627 2697 pulcherrimumque
1660 2655 1770 2695 opus

92 2735 217 2762 suum
252 2720 521 2767 exaedificat,
566 2720 624 2762 ita
659 2724 699 2761 ut
734 2719 944 2761 lectorum
984 2717 1323 2773 auditorumque
1355 2716 1528 2759 animos
1561 2714 1773 2771 singulari

95 2796 315 2851 voluptate
361 2796 575 2839 devincat.
625 2796 791 2838 Sollers
834 2795 948 2837 enim
992 2793 1164 2837 auditor
1202 2792 1495 2835 libentissime
1535 2790 1770 2834 attentissi-

91 2887 243 2927 meque
269 2887 398 2914 aures
427 2871 603 2927 praebet
630 2870 790 2913 oratori
820 2870 892 2926 qui
915 2870 954 2912 in
974 2868 1323 2924 argmneutando
1342 2873 1550 2924 tauquam
1572 2881 1766 2908 normam

92 2947 310 3002 quandam
359 2946 611 3002 disputandi
662 2950 780 2989 amat
827 2945 930 2987 illud
979 2946 1076 2985 αὐτὸ
1124 2945 1253 2992 δείξει.
1301 2942 1454 2999 Neque
1488 2942 1601 2984 enim
1639 2956 1767 2984 omne
