<?xml version="1.0" encoding="UTF-8"?>
<!DOCTYPE html PUBLIC "-//W3C//DTD XHTML 1.0 Transitional//EN"
    "http://www.w3.org/TR/xhtml1/DTD/xhtml1-transitional.dtd">
<html xmlns="http://www.w3.org/1999/xhtml" xml:lang="en" lang="en">
 <head>
  <title>
</title>
<meta http-equiv="Content-Type" content="text/html;charset=utf-8" />
  <meta name='ocr-system' content='tesseract 3.04.00' />
  <meta name='ocr-capabilities' content='ocr_page ocr_carea ocr_par ocr_line ocrx_word'/>
</head>
<body>
  <div class='ocr_page' id='page_1' title='image "./deapologiaxenoph00vrijuoft_0129.png"; bbox 0 0 2019 3299; ppageno 0'>
   <div class='ocr_carea' id='block_1_1' title="bbox 895 187 974 229">
    <p class='ocr_par' dir='ltr' id='par_1_1' title="bbox 895 187 974 229">
     <span class='ocr_line' id='line_1_1' title="bbox 895 187 974 229; baseline 0.025 -2"><span class='ocrx_word' id='word_1_1' title='bbox 895 187 974 229; x_wconf 82' lang='lat'>105</span> 
     </span>
    </p>
   </div>
   <div class='ocr_carea' id='block_1_2' title="bbox 78 308 1766 2844">
    <p class='ocr_par' dir='ltr' id='par_1_2' title="bbox 83 308 1764 816">
     <span class='ocr_line' id='line_1_2' title="bbox 144 308 1762 363; baseline -0.001 -10"><span class='ocrx_word' id='word_1_2' title='bbox 144 309 238 353; x_wconf 70' lang='lat' dir='ltr'>Joel</span> <span class='ocrx_word' id='word_1_3' title='bbox 279 314 393 352; x_wconf 88' lang='lat' dir='ltr'>recte</span> <span class='ocrx_word' id='word_1_4' title='bbox 433 308 708 352; x_wconf 70' lang='lat' dir='ltr'>observavit:</span> <span class='ocrx_word' id='word_1_5' title='bbox 755 309 895 363; x_wconf 86' lang='lat' dir='ltr'>„Dass</span> <span class='ocrx_word' id='word_1_6' title='bbox 938 308 1032 351; x_wconf 90' lang='lat' dir='ltr'>hier</span> <span class='ocrx_word' id='word_1_7' title='bbox 1069 308 1273 352; x_wconf 76' lang='lat' dir='ltr'>Socrates</span> <span class='ocrx_word' id='word_1_8' title='bbox 1304 310 1361 353; x_wconf 77' lang='lat'>33</span> <span class='ocrx_word' id='word_1_9' title='bbox 1379 309 1428 352; x_wconf 91' lang='lat' dir='ltr'>B.</span> <span class='ocrx_word' id='word_1_10' title='bbox 1462 316 1605 352; x_wconf 84' lang='lat' dir='ltr'>zuerst</span> <span class='ocrx_word' id='word_1_11' title='bbox 1638 309 1762 352; x_wconf 90' lang='lat' dir='ltr'>Plato</span> 
     </span>
     <span class='ocr_line' id='line_1_3' title="bbox 86 383 1761 433; baseline -0.001 -5"><span class='ocrx_word' id='word_1_12' title='bbox 86 389 221 428; x_wconf 91' lang='lat' dir='ltr'>nennt</span> <span class='ocrx_word' id='word_1_13' title='bbox 267 384 333 427; x_wconf 89' lang='lat' dir='ltr'>als</span> <span class='ocrx_word' id='word_1_14' title='bbox 381 385 476 433; x_wconf 91' lang='lat' dir='ltr'>den,</span> <span class='ocrx_word' id='word_1_15' title='bbox 511 384 585 427; x_wconf 89' lang='lat' dir='ltr'>der</span> <span class='ocrx_word' id='word_1_16' title='bbox 617 383 710 427; x_wconf 91' lang='lat' dir='ltr'>sich</span> <span class='ocrx_word' id='word_1_17' title='bbox 745 383 879 427; x_wconf 87' lang='lat' dir='ltr'>bereit</span> <span class='ocrx_word' id='word_1_18' title='bbox 912 384 1086 433; x_wconf 76' lang='lat' dir='ltr'>erklart‚</span> <span class='ocrx_word' id='word_1_19' title='bbox 1121 383 1190 426; x_wconf 72' lang='lat' dir='ltr'>fur</span> <span class='ocrx_word' id='word_1_20' title='bbox 1222 384 1317 427; x_wconf 88' lang='lat' dir='ltr'>eine</span> <span class='ocrx_word' id='word_1_21' title='bbox 1351 384 1644 428; x_wconf 85' lang='lat' dir='ltr'>Strafsumme</span> <span class='ocrx_word' id='word_1_22' title='bbox 1678 399 1761 426; x_wconf 95' lang='lat' dir='ltr'>von</span> 
     </span>
     <span class='ocr_line' id='line_1_4' title="bbox 84 458 1763 515; baseline -0.001 -12"><span class='ocrx_word' id='word_1_23' title='bbox 84 461 141 504; x_wconf 87' lang='lat'>30</span> <span class='ocrx_word' id='word_1_24' title='bbox 187 459 333 502; x_wconf 85' lang='lat' dir='ltr'><strong>minen</strong></span> <span class='ocrx_word' id='word_1_25' title='bbox 382 458 647 515; x_wconf 80' lang='lat' dir='ltr'>Burgschaft</span> <span class='ocrx_word' id='word_1_26' title='bbox 695 474 744 502; x_wconf 88' lang='lat' dir='ltr'>zu</span> <span class='ocrx_word' id='word_1_27' title='bbox 793 458 962 507; x_wconf 84' lang='lat' dir='ltr'>leisten,</span> <span class='ocrx_word' id='word_1_28' title='bbox 1007 459 1083 502; x_wconf 88' lang='lat' dir='ltr'>hat</span> <span class='ocrx_word' id='word_1_29' title='bbox 1126 465 1267 502; x_wconf 85' lang='lat' dir='ltr'>etwas</span> <span class='ocrx_word' id='word_1_30' title='bbox 1302 460 1615 509; x_wconf 84' lang='lat' dir='ltr'>Ostentatives‚</span> <span class='ocrx_word' id='word_1_31' title='bbox 1650 459 1763 502; x_wconf 88' lang='lat' dir='ltr'>sieht</span> 
     </span>
     <span class='ocr_line' id='line_1_5' title="bbox 86 533 1764 590; baseline 0 -13"><span class='ocrx_word' id='word_1_32' title='bbox 86 534 166 578; x_wconf 92' lang='lat' dir='ltr'>wie</span> <span class='ocrx_word' id='word_1_33' title='bbox 215 534 311 577; x_wconf 91' lang='lat' dir='ltr'>eine</span> <span class='ocrx_word' id='word_1_34' title='bbox 358 533 605 589; x_wconf 78' lang='lat' dir='ltr'>Erklarung</span> <span class='ocrx_word' id='word_1_35' title='bbox 657 549 734 590; x_wconf 89' lang='lat' dir='ltr'>pro</span> <span class='ocrx_word' id='word_1_36' title='bbox 781 533 909 576; x_wconf 93' lang='lat' dir='ltr'>domo</span> <span class='ocrx_word' id='word_1_37' title='bbox 958 534 1014 576; x_wconf 94' lang='lat' dir='ltr'>im</span> <span class='ocrx_word' id='word_1_38' title='bbox 1063 533 1199 577; x_wconf 90' lang='lat' dir='ltr'>Sinne</span> <span class='ocrx_word' id='word_1_39' title='bbox 1247 534 1410 577; x_wconf 89' lang='lat' dir='ltr'>Plato’s</span> <span class='ocrx_word' id='word_1_40' title='bbox 1463 551 1557 584; x_wconf 90' lang='lat' dir='ltr'>aus,</span> <span class='ocrx_word' id='word_1_41' title='bbox 1605 534 1672 577; x_wconf 90' lang='lat' dir='ltr'>die</span> <span class='ocrx_word' id='word_1_42' title='bbox 1709 534 1764 577; x_wconf 90' lang='lat' dir='ltr'>da</span> 
     </span>
     <span class='ocr_line' id='line_1_6' title="bbox 85 608 1761 665; baseline -0.001 -12"><span class='ocrx_word' id='word_1_43' title='bbox 85 609 308 653; x_wconf 90' lang='lat' dir='ltr'>bedeutet:</span> <span class='ocrx_word' id='word_1_44' title='bbox 358 609 519 652; x_wconf 88' lang='lat' dir='ltr'>Glaubt</span> <span class='ocrx_word' id='word_1_45' title='bbox 567 624 662 657; x_wconf 86' lang='lat' dir='ltr'>nur,</span> <span class='ocrx_word' id='word_1_46' title='bbox 710 608 814 651; x_wconf 89' lang='lat' dir='ltr'>dass</span> <span class='ocrx_word' id='word_1_47' title='bbox 874 608 940 651; x_wconf 86' lang='lat' dir='ltr'>ich</span> <span class='ocrx_word' id='word_1_48' title='bbox 998 624 1102 664; x_wconf 89' lang='lat' dir='ltr'>gern</span> <span class='ocrx_word' id='word_1_49' title='bbox 1153 624 1235 651; x_wconf 94' lang='lat' dir='ltr'>von</span> <span class='ocrx_word' id='word_1_50' title='bbox 1295 609 1481 653; x_wconf 89' lang='lat' dir='ltr'>meinem</span> <span class='ocrx_word' id='word_1_51' title='bbox 1516 610 1761 665; x_wconf 79' lang='lat' dir='ltr'>Vermogen</span> 
     </span>
     <span class='ocr_line' id='line_1_7' title="bbox 85 684 1762 741; baseline -0.002 -12"><span class='ocrx_word' id='word_1_52' title='bbox 85 684 218 740; x_wconf 91' lang='lat' dir='ltr'>Opfer</span> <span class='ocrx_word' id='word_1_53' title='bbox 258 684 467 739; x_wconf 75' lang='lat' dir='ltr'>gebracht</span> <span class='ocrx_word' id='word_1_54' title='bbox 516 684 648 734; x_wconf 75' lang='lat' dir='ltr'>hatte,</span> <span class='ocrx_word' id='word_1_55' title='bbox 688 700 761 727; x_wconf 93' lang='lat' dir='ltr'>um</span> <span class='ocrx_word' id='word_1_56' title='bbox 797 684 1009 728; x_wconf 86' lang='lat' dir='ltr'>Sokrates</span> <span class='ocrx_word' id='word_1_57' title='bbox 1052 700 1103 727; x_wconf 92' lang='lat' dir='ltr'>zu</span> <span class='ocrx_word' id='word_1_58' title='bbox 1153 689 1308 733; x_wconf 89' lang='lat' dir='ltr'>retten,</span> <span class='ocrx_word' id='word_1_59' title='bbox 1343 700 1468 727; x_wconf 86' lang='lat' dir='ltr'>wenn</span> <span class='ocrx_word' id='word_1_60' title='bbox 1503 701 1548 728; x_wconf 87' lang='lat' dir='ltr'>es</span> <span class='ocrx_word' id='word_1_61' title='bbox 1576 684 1762 741; x_wconf 75' lang='lat' dir='ltr'>moglich</span> 
     </span>
     <span class='ocr_line' id='line_1_8' title="bbox 83 759 476 816; baseline -0.003 -13"><span class='ocrx_word' id='word_1_62' title='bbox 83 776 282 816; x_wconf 88' lang='lat' dir='ltr'>gewesen</span> <span class='ocrx_word' id='word_1_63' title='bbox 318 759 476 803; x_wconf 79' lang='lat' dir='ltr'>ware&#39;’.</span> 
     </span>
    </p>

    <p class='ocr_par' dir='ltr' id='par_1_3' title="bbox 82 834 1765 1117">
     <span class='ocr_line' id='line_1_9' title="bbox 142 834 1764 891; baseline -0.001 -13"><span class='ocrx_word' id='word_1_64' title='bbox 142 835 314 879; x_wconf 80' lang='lat' dir='ltr'>Similia</span> <span class='ocrx_word' id='word_1_65' title='bbox 370 835 566 879; x_wconf 87' lang='lat' dir='ltr'>Schanz:</span> <span class='ocrx_word' id='word_1_66' title='bbox 616 835 716 889; x_wconf 87' lang='lat' dir='ltr'>„Ich</span> <span class='ocrx_word' id='word_1_67' title='bbox 765 835 921 884; x_wconf 84' lang='lat' dir='ltr'>meine,</span> <span class='ocrx_word' id='word_1_68' title='bbox 971 836 1074 879; x_wconf 90' lang='lat' dir='ltr'>dass</span> <span class='ocrx_word' id='word_1_69' title='bbox 1122 836 1196 878; x_wconf 90' lang='lat' dir='ltr'>der</span> <span class='ocrx_word' id='word_1_70' title='bbox 1244 835 1437 891; x_wconf 85' lang='lat' dir='ltr'>niedrige</span> <span class='ocrx_word' id='word_1_71' title='bbox 1485 834 1764 890; x_wconf 86' lang='lat' dir='ltr'>Strafantrag</span> 
     </span>
     <span class='ocr_line' id='line_1_10' title="bbox 84 909 1763 966; baseline -0.002 -12"><span class='ocrx_word' id='word_1_72' title='bbox 84 926 165 954; x_wconf 92' lang='lat' dir='ltr'>nur</span> <span class='ocrx_word' id='word_1_73' title='bbox 219 910 286 954; x_wconf 90' lang='lat' dir='ltr'>die</span> <span class='ocrx_word' id='word_1_74' title='bbox 342 910 462 953; x_wconf 89' lang='lat' dir='ltr'>Folie</span> <span class='ocrx_word' id='word_1_75' title='bbox 519 909 589 953; x_wconf 76' lang='lat' dir='ltr'>fur</span> <span class='ocrx_word' id='word_1_76' title='bbox 643 910 726 953; x_wconf 91' lang='lat' dir='ltr'>den</span> <span class='ocrx_word' id='word_1_77' title='bbox 785 911 977 954; x_wconf 78' lang='lat' dir='ltr'>hoheren</span> <span class='ocrx_word' id='word_1_78' title='bbox 1032 910 1103 954; x_wconf 89' lang='lat' dir='ltr'>ist.</span> <span class='ocrx_word' id='word_1_79' title='bbox 1162 910 1219 953; x_wconf 92' lang='lat' dir='ltr'>Er</span> <span class='ocrx_word' id='word_1_80' title='bbox 1279 911 1315 953; x_wconf 88' lang='lat' dir='ltr'>is</span> <span class='ocrx_word' id='word_1_81' title='bbox 1362 910 1576 966; x_wconf 78' lang='lat' dir='ltr'>gemacht,</span> <span class='ocrx_word' id='word_1_82' title='bbox 1629 909 1763 953; x_wconf 90' lang='lat' dir='ltr'>damit</span> 
     </span>
     <span class='ocr_line' id='line_1_11' title="bbox 82 984 1765 1042; baseline -0.001 -13"><span class='ocrx_word' id='word_1_83' title='bbox 82 986 220 1040; x_wconf 87' lang='lat' dir='ltr'>Plato,</span> <span class='ocrx_word' id='word_1_84' title='bbox 261 985 401 1035; x_wconf 87' lang='lat' dir='ltr'>Krito,</span> <span class='ocrx_word' id='word_1_85' title='bbox 443 984 703 1028; x_wconf 88' lang='lat' dir='ltr'>Kritobulus</span> <span class='ocrx_word' id='word_1_86' title='bbox 747 985 832 1028; x_wconf 91' lang='lat' dir='ltr'>und</span> <span class='ocrx_word' id='word_1_87' title='bbox 866 985 1106 1042; x_wconf 88' lang='lat' dir='ltr'>Apollodor</span> <span class='ocrx_word' id='word_1_88' title='bbox 1138 985 1179 1028; x_wconf 91' lang='lat' dir='ltr'>in</span> <span class='ocrx_word' id='word_1_89' title='bbox 1215 1001 1341 1029; x_wconf 88' lang='lat' dir='ltr'>umso</span> <span class='ocrx_word' id='word_1_90' title='bbox 1375 985 1581 1028; x_wconf 88' lang='lat' dir='ltr'>hellerem</span> <span class='ocrx_word' id='word_1_91' title='bbox 1615 984 1765 1027; x_wconf 88' lang='lat' dir='ltr'>Lichte</span> 
     </span>
     <span class='ocr_line' id='line_1_12' title="bbox 83 1060 504 1117; baseline -0.005 -12"><span class='ocrx_word' id='word_1_92' title='bbox 83 1060 292 1110; x_wconf 88' lang='lat' dir='ltr'>strahlen,</span> <span class='ocrx_word' id='word_1_93' title='bbox 326 1060 504 1117; x_wconf 89' lang='lat' dir='ltr'>e.q.s.’&#39;</span> 
     </span>
    </p>

    <p class='ocr_par' dir='ltr' id='par_1_4' title="bbox 81 1134 1766 1491">
     <span class='ocr_line' id='line_1_13' title="bbox 142 1134 1766 1193; baseline -0.001 -14"><span class='ocrx_word' id='word_1_94' title='bbox 142 1136 236 1179; x_wconf 89' lang='lat' dir='ltr'>Nos</span> <span class='ocrx_word' id='word_1_95' title='bbox 283 1140 508 1193; x_wconf 87' lang='lat' dir='ltr'>praeterea</span> <span class='ocrx_word' id='word_1_96' title='bbox 554 1135 818 1179; x_wconf 78' lang='lat' dir='ltr'>arbitramur</span> <span class='ocrx_word' id='word_1_97' title='bbox 864 1135 1008 1178; x_wconf 87' lang='lat' dir='ltr'>verbis</span> <span class='ocrx_word' id='word_1_98' title='bbox 1057 1138 1178 1176; x_wconf 80' lang='grc' dir='ltr'>οὐδὲν</span> <span class='ocrx_word' id='word_1_99' title='bbox 1226 1137 1298 1189; x_wconf 81' lang='grc' dir='ltr'>γὰρ</span> <span class='ocrx_word' id='word_1_100' title='bbox 1332 1136 1381 1176; x_wconf 72' lang='grc' dir='ltr'>ἂν</span> <span class='ocrx_word' id='word_1_101' title='bbox 1414 1137 1586 1188; x_wconf 79' lang='grc' dir='ltr'>ἐβλάβηυ</span> <span class='ocrx_word' id='word_1_102' title='bbox 1621 1134 1766 1191; x_wconf 86' lang='lat' dir='ltr'>potius</span> 
     </span>
     <span class='ocr_line' id='line_1_14' title="bbox 83 1210 1765 1269; baseline 0 -15"><span class='ocrx_word' id='word_1_103' title='bbox 83 1211 330 1269; x_wconf 89' lang='lat' dir='ltr'>impugnari</span> <span class='ocrx_word' id='word_1_104' title='bbox 371 1210 478 1253; x_wconf 92' lang='lat' dir='ltr'>illud</span> <span class='ocrx_word' id='word_1_105' title='bbox 523 1210 920 1267; x_wconf 89' lang='lat' dir='ltr'>Xenophonteum:</span> <span class='ocrx_word' id='word_1_106' title='bbox 968 1212 1258 1264; x_wconf 79' lang='grc' dir='ltr'><em>ὁμολογοῦντος</em></span> <span class='ocrx_word' id='word_1_107' title='bbox 1299 1213 1358 1262; x_wconf 82' lang='grc' dir='ltr'>εἴη</span> <span class='ocrx_word' id='word_1_108' title='bbox 1402 1212 1569 1251; x_wconf 81' lang='grc' dir='ltr'><em>ἀδικεῖν.</em></span> <span class='ocrx_word' id='word_1_109' title='bbox 1611 1210 1765 1267; x_wconf 84' lang='lat' dir='ltr'>Neque</span> 
     </span>
     <span class='ocr_line' id='line_1_15' title="bbox 82 1285 1764 1343; baseline -0.001 -13"><span class='ocrx_word' id='word_1_110' title='bbox 82 1287 201 1331; x_wconf 88' lang='lat' dir='ltr'>illam</span> <span class='ocrx_word' id='word_1_111' title='bbox 244 1285 538 1329; x_wconf 88' lang='lat' dir='ltr'>urbanitatem</span> <span class='ocrx_word' id='word_1_112' title='bbox 579 1289 618 1328; x_wconf 91' lang='lat' dir='ltr'>et</span> <span class='ocrx_word' id='word_1_113' title='bbox 663 1285 1012 1329; x_wconf 88' lang='lat' dir='ltr'>benevolentiam</span> <span class='ocrx_word' id='word_1_114' title='bbox 1047 1286 1232 1343; x_wconf 88' lang='lat' dir='ltr'>probare</span> <span class='ocrx_word' id='word_1_115' title='bbox 1265 1302 1518 1343; x_wconf 87' lang='lat' dir='ltr'>possumus,</span> <span class='ocrx_word' id='word_1_116' title='bbox 1552 1301 1640 1343; x_wconf 87' lang='lat' dir='ltr'>qua</span> <span class='ocrx_word' id='word_1_117' title='bbox 1671 1302 1764 1329; x_wconf 89' lang='lat' dir='ltr'>sen-</span> 
     </span>
     <span class='ocr_line' id='line_1_16' title="bbox 81 1359 1766 1418; baseline -0.003 -12"><span class='ocrx_word' id='word_1_118' title='bbox 81 1363 263 1406; x_wconf 88' lang='lat' dir='ltr'>tentiam</span> <span class='ocrx_word' id='word_1_119' title='bbox 311 1376 451 1410; x_wconf 86' lang='lat' dir='ltr'>suam,</span> <span class='ocrx_word' id='word_1_120' title='bbox 501 1360 610 1404; x_wconf 84' lang='lat' dir='ltr'>satis</span> <span class='ocrx_word' id='word_1_121' title='bbox 658 1360 856 1417; x_wconf 87' lang='lat' dir='ltr'>abrupte,</span> <span class='ocrx_word' id='word_1_122' title='bbox 905 1365 1074 1405; x_wconf 88' lang='lat' dir='ltr'>mutare</span> <span class='ocrx_word' id='word_1_123' title='bbox 1116 1361 1315 1418; x_wconf 89' lang='lat' dir='ltr'>fingitur:</span> <span class='ocrx_word' id='word_1_124' title='bbox 1349 1362 1483 1413; x_wconf 79' lang='grc' dir='ltr'><em>εἰμὲν</em></span> <span class='ocrx_word' id='word_1_125' title='bbox 1515 1364 1586 1415; x_wconf 77' lang='grc' dir='ltr'>γὰρ</span> <span class='ocrx_word' id='word_1_126' title='bbox 1619 1359 1669 1413; x_wconf 76' lang='grc' dir='ltr'>ἦν</span> <span class='ocrx_word' id='word_1_127' title='bbox 1700 1379 1766 1406; x_wconf 81' lang='grc' dir='ltr'>μοι</span> 
     </span>
     <span class='ocr_line' id='line_1_17' title="bbox 82 1425 1396 1491; baseline 0 -14"><span class='ocrx_word' id='word_1_128' title='bbox 82 1441 272 1491; x_wconf 79' lang='grc' dir='ltr'><em>χρήματα,</em></span> <span class='ocrx_word' id='word_1_129' title='bbox 303 1440 549 1491; x_wconf 80' lang='grc' dir='ltr'><em>ἐτιμησάμην</em></span> <span class='ocrx_word' id='word_1_130' title='bbox 581 1438 630 1477; x_wconf 73' lang='grc' dir='ltr'>ἂν</span> <span class='ocrx_word' id='word_1_131' title='bbox 662 1425 869 1490; x_wconf 67' lang='grc' dir='ltr'><em>χρὴμάτων</em></span> <span class='ocrx_word' id='word_1_132' title='bbox 903 1439 976 1477; x_wconf 81' lang='grc' dir='ltr'>ὅσα</span> <span class='ocrx_word' id='word_1_133' title='bbox 1008 1439 1168 1489; x_wconf 79' lang='grc' dir='ltr'><em>ἔμελλον</em></span> <span class='ocrx_word' id='word_1_134' title='bbox 1200 1439 1396 1478; x_wconf 78' lang='grc' dir='ltr'><strong><em>ἐκτείσειν.</em></strong></span> 
     </span>
    </p>

    <p class='ocr_par' dir='ltr' id='par_1_5' title="bbox 78 1513 1765 2023">
     <span class='ocr_line' id='line_1_18' title="bbox 139 1513 1765 1570; baseline -0.001 -13"><span class='ocrx_word' id='word_1_135' title='bbox 139 1514 366 1558; x_wconf 89' lang='lat' dir='ltr'>Postremo</span> <span class='ocrx_word' id='word_1_136' title='bbox 415 1514 693 1558; x_wconf 87' lang='lat' dir='ltr'>notissimum</span> <span class='ocrx_word' id='word_1_137' title='bbox 742 1518 806 1557; x_wconf 90' lang='lat' dir='ltr'>est</span> <span class='ocrx_word' id='word_1_138' title='bbox 854 1513 1074 1557; x_wconf 87' lang='lat' dir='ltr'>Critonem</span> <span class='ocrx_word' id='word_1_139' title='bbox 1124 1513 1262 1557; x_wconf 86' lang='lat' dir='ltr'>fuisse</span> <span class='ocrx_word' id='word_1_140' title='bbox 1299 1513 1514 1570; x_wconf 91' lang='lat' dir='ltr'>optimum</span> <span class='ocrx_word' id='word_1_141' title='bbox 1562 1529 1588 1556; x_wconf 92' lang='lat' dir='ltr'>a</span> <span class='ocrx_word' id='word_1_142' title='bbox 1619 1513 1765 1570; x_wconf 91' lang='lat' dir='ltr'>pueris</span> 
     </span>
     <span class='ocr_line' id='line_1_19' title="bbox 82 1588 1764 1647; baseline -0.001 -14"><span class='ocrx_word' id='word_1_143' title='bbox 82 1589 276 1634; x_wconf 85' lang='lat' dir='ltr'>Socratis</span> <span class='ocrx_word' id='word_1_144' title='bbox 322 1590 527 1639; x_wconf 86' lang='lat' dir='ltr'>amicum,</span> <span class='ocrx_word' id='word_1_145' title='bbox 580 1589 807 1647; x_wconf 79' lang='lat' dir='ltr'>aequalem</span> <span class='ocrx_word' id='word_1_146' title='bbox 858 1589 953 1632; x_wconf 89' lang='lat' dir='ltr'>eius</span> <span class='ocrx_word' id='word_1_147' title='bbox 1000 1594 1039 1632; x_wconf 91' lang='lat' dir='ltr'>et</span> <span class='ocrx_word' id='word_1_148' title='bbox 1087 1588 1305 1638; x_wconf 89' lang='lat' dir='ltr'>tribulem,</span> <span class='ocrx_word' id='word_1_149' title='bbox 1355 1589 1448 1632; x_wconf 90' lang='lat' dir='ltr'>iure</span> <span class='ocrx_word' id='word_1_150' title='bbox 1496 1589 1681 1633; x_wconf 88' lang='lat' dir='ltr'>iurando</span> <span class='ocrx_word' id='word_1_151' title='bbox 1724 1595 1764 1632; x_wconf 90' lang='lat' dir='ltr'>et</span> 
     </span>
     <span class='ocr_line' id='line_1_20' title="bbox 81 1663 1763 1721; baseline -0.001 -12"><span class='ocrx_word' id='word_1_152' title='bbox 81 1665 317 1721; x_wconf 85' lang='lat' dir='ltr'>sponsione</span> <span class='ocrx_word' id='word_1_153' title='bbox 362 1681 408 1709; x_wconf 90' lang='lat' dir='ltr'>se</span> <span class='ocrx_word' id='word_1_154' title='bbox 455 1664 745 1708; x_wconf 70' lang='lat' dir='ltr'>obstrinxisse</span> <span class='ocrx_word' id='word_1_155' title='bbox 792 1665 1018 1708; x_wconf 77' lang='lat' dir='ltr'>Socratem</span> <span class='ocrx_word' id='word_1_156' title='bbox 1068 1663 1109 1706; x_wconf 92' lang='lat' dir='ltr'>in</span> <span class='ocrx_word' id='word_1_157' title='bbox 1157 1679 1329 1707; x_wconf 87' lang='lat' dir='ltr'>carcere</span> <span class='ocrx_word' id='word_1_158' title='bbox 1362 1679 1619 1708; x_wconf 88' lang='lat' dir='ltr'>mansurum</span> <span class='ocrx_word' id='word_1_159' title='bbox 1653 1680 1763 1708; x_wconf 87' lang='lat' dir='ltr'>esse.</span> 
     </span>
     <span class='ocr_line' id='line_1_21' title="bbox 82 1739 1764 1797; baseline -0.001 -13"><span class='ocrx_word' id='word_1_160' title='bbox 82 1740 240 1784; x_wconf 90' lang='lat' dir='ltr'>Nonne</span> <span class='ocrx_word' id='word_1_161' title='bbox 284 1741 431 1797; x_wconf 86' lang='lat' dir='ltr'>quivis</span> <span class='ocrx_word' id='word_1_162' title='bbox 477 1745 623 1797; x_wconf 88' lang='lat' dir='ltr'>sperat</span> <span class='ocrx_word' id='word_1_163' title='bbox 668 1740 791 1783; x_wconf 91' lang='lat' dir='ltr'>illum</span> <span class='ocrx_word' id='word_1_164' title='bbox 839 1740 1025 1796; x_wconf 90' lang='lat' dir='ltr'>primum</span> <span class='ocrx_word' id='word_1_165' title='bbox 1075 1739 1306 1796; x_wconf 90' lang='lat' dir='ltr'>pecuniam</span> <span class='ocrx_word' id='word_1_166' title='bbox 1360 1739 1609 1783; x_wconf 92' lang='lat' dir='ltr'>oblaturum</span> <span class='ocrx_word' id='word_1_167' title='bbox 1653 1755 1764 1789; x_wconf 89' lang='lat' dir='ltr'>esse,</span> 
     </span>
     <span class='ocr_line' id='line_1_22' title="bbox 82 1814 1765 1874; baseline -0.001 -15"><span class='ocrx_word' id='word_1_168' title='bbox 82 1816 231 1874; x_wconf 88' lang='lat' dir='ltr'>utique</span> <span class='ocrx_word' id='word_1_169' title='bbox 271 1815 459 1872; x_wconf 87' lang='lat' dir='ltr'>primum</span> <span class='ocrx_word' id='word_1_170' title='bbox 502 1815 779 1859; x_wconf 89' lang='lat' dir='ltr'>nominatum</span> <span class='ocrx_word' id='word_1_171' title='bbox 822 1815 909 1858; x_wconf 78' lang='lat' dir='ltr'>iri?</span> <span class='ocrx_word' id='word_1_172' title='bbox 951 1815 1176 1858; x_wconf 88' lang='lat' dir='ltr'>Fallimur.</span> <span class='ocrx_word' id='word_1_173' title='bbox 1212 1814 1310 1857; x_wconf 92' lang='lat' dir='ltr'>Non</span> <span class='ocrx_word' id='word_1_174' title='bbox 1345 1814 1439 1858; x_wconf 91' lang='lat' dir='ltr'>sine</span> <span class='ocrx_word' id='word_1_175' title='bbox 1472 1815 1765 1859; x_wconf 84' lang='lat' dir='ltr'>ostentatione</span> 
     </span>
     <span class='ocr_line' id='line_1_23' title="bbox 79 1890 1765 1949; baseline -0.001 -15"><span class='ocrx_word' id='word_1_176' title='bbox 79 1891 253 1934; x_wconf 92' lang='lat' dir='ltr'>iuvenis</span> <span class='ocrx_word' id='word_1_177' title='bbox 285 1891 460 1949; x_wconf 89' lang='lat' dir='ltr'>aliquis,</span> <span class='ocrx_word' id='word_1_178' title='bbox 493 1891 678 1948; x_wconf 82' lang='lat' dir='ltr'>scriptor</span> <span class='ocrx_word' id='word_1_179' title='bbox 710 1891 841 1934; x_wconf 88' lang='lat' dir='ltr'>huius</span> <span class='ocrx_word' id='word_1_180' title='bbox 867 1890 1125 1947; x_wconf 90' lang='lat' dir='ltr'>Apologiae,</span> <span class='ocrx_word' id='word_1_181' title='bbox 1156 1890 1223 1933; x_wconf 89' lang='lat' dir='ltr'>cui</span> <span class='ocrx_word' id='word_1_182' title='bbox 1252 1906 1411 1934; x_wconf 92' lang='lat' dir='ltr'>nomen</span> <span class='ocrx_word' id='word_1_183' title='bbox 1441 1891 1579 1940; x_wconf 90' lang='lat' dir='ltr'>Plato,</span> <span class='ocrx_word' id='word_1_184' title='bbox 1599 1891 1765 1948; x_wconf 79' lang='lat' dir='ltr'>primus</span> 
     </span>
     <span class='ocr_line' id='line_1_24' title="bbox 78 1966 1460 2023; baseline 0 -13"><span class='ocrx_word' id='word_1_185' title='bbox 78 1967 314 2010; x_wconf 87' lang='lat' dir='ltr'>indicatur:</span> <span class='ocrx_word' id='word_1_186' title='bbox 353 1969 516 2007; x_wconf 69' lang='grc' dir='ltr'><em>Πλάτων</em></span> <span class='ocrx_word' id='word_1_187' title='bbox 550 1967 590 2006; x_wconf 82' lang='grc' dir='ltr'>δὲ</span> <span class='ocrx_word' id='word_1_188' title='bbox 624 1968 709 2014; x_wconf 80' lang='grc' dir='ltr'>ὄδε;</span> <span class='ocrx_word' id='word_1_189' title='bbox 742 1967 958 2010; x_wconf 89' lang='lat' dir='ltr'>secundas</span> <span class='ocrx_word' id='word_1_190' title='bbox 993 1971 1139 2023; x_wconf 88' lang='lat' dir='ltr'>partes</span> <span class='ocrx_word' id='word_1_191' title='bbox 1172 1966 1260 2022; x_wconf 85' lang='lat' dir='ltr'>agit</span> <span class='ocrx_word' id='word_1_192' title='bbox 1295 1966 1460 2010; x_wconf 83' lang='lat' dir='ltr'>Criton.</span> 
     </span>
    </p>

    <p class='ocr_par' dir='ltr' id='par_1_6' title="bbox 79 2041 1766 2245">
     <span class='ocr_line' id='line_1_25' title="bbox 138 2041 1766 2098; baseline -0.003 -13"><span class='ocrx_word' id='word_1_193' title='bbox 138 2043 195 2086; x_wconf 88' lang='lat' dir='ltr'>At</span> <span class='ocrx_word' id='word_1_194' title='bbox 227 2042 313 2086; x_wconf 87' lang='lat' dir='ltr'>alio</span> <span class='ocrx_word' id='word_1_195' title='bbox 354 2042 450 2085; x_wconf 89' lang='lat' dir='ltr'>loco</span> <span class='ocrx_word' id='word_1_196' title='bbox 482 2041 649 2098; x_wconf 90' lang='lat' dir='ltr'>primus</span> <span class='ocrx_word' id='word_1_197' title='bbox 682 2041 936 2085; x_wconf 86' lang='lat' dir='ltr'>nominatur</span> <span class='ocrx_word' id='word_1_198' title='bbox 977 2041 1126 2085; x_wconf 89' lang='lat' dir='ltr'>Criton</span> <span class='ocrx_word' id='word_1_199' title='bbox 1159 2043 1215 2085; x_wconf 89' lang='lat'>33</span> <span class='ocrx_word' id='word_1_200' title='bbox 1237 2042 1284 2084; x_wconf 93' lang='lat' dir='ltr'>D.</span> <span class='ocrx_word' id='word_1_201' title='bbox 1320 2050 1477 2093; x_wconf 77' lang='grc' dir='ltr'>πρῶτον</span> <span class='ocrx_word' id='word_1_202' title='bbox 1510 2043 1581 2094; x_wconf 81' lang='grc' dir='ltr'>μὲν</span> <span class='ocrx_word' id='word_1_203' title='bbox 1616 2045 1766 2094; x_wconf 79' lang='grc' dir='ltr'><strong><em>Κρίτων</em></strong></span> 
     </span>
     <span class='ocr_line' id='line_1_26' title="bbox 79 2117 1764 2175; baseline 0 -15"><span class='ocrx_word' id='word_1_204' title='bbox 79 2120 217 2160; x_wconf 70' lang='grc' dir='ltr'><em>οὑτοσί</em></span> <span class='ocrx_word' id='word_1_205' title='bbox 251 2117 428 2172; x_wconf 84' lang='lat' dir='ltr'>(Levius</span> <span class='ocrx_word' id='word_1_206' title='bbox 474 2117 662 2161; x_wconf 85' lang='lat' dir='ltr'>fortasse</span> <span class='ocrx_word' id='word_1_207' title='bbox 711 2118 791 2160; x_wconf 86' lang='lat' dir='ltr'>hoc</span> <span class='ocrx_word' id='word_1_208' title='bbox 837 2133 1011 2175; x_wconf 86' lang='lat' dir='ltr'>quoque</span> <span class='ocrx_word' id='word_1_209' title='bbox 1059 2117 1173 2174; x_wconf 91' lang='lat' dir='ltr'>quod</span> <span class='ocrx_word' id='word_1_210' title='bbox 1217 2117 1275 2161; x_wconf 68' lang='lat'>34</span> <span class='ocrx_word' id='word_1_211' title='bbox 1293 2117 1345 2160; x_wconf 91' lang='lat' dir='ltr'>A.</span> <span class='ocrx_word' id='word_1_212' title='bbox 1387 2120 1551 2172; x_wconf 80' lang='lat' dir='ltr'>procul</span> <span class='ocrx_word' id='word_1_213' title='bbox 1589 2118 1764 2161; x_wconf 88' lang='lat' dir='ltr'>adstare</span> 
     </span>
     <span class='ocr_line' id='line_1_27' title="bbox 81 2190 1446 2245; baseline -0.004 -8"><span class='ocrx_word' id='word_1_214' title='bbox 81 2193 250 2237; x_wconf 76' lang='lat' dir='ltr'>Videtur</span> <span class='ocrx_word' id='word_1_215' title='bbox 280 2192 426 2236; x_wconf 75' lang='lat' dir='ltr'>Plato:</span> <span class='ocrx_word' id='word_1_216' title='bbox 465 2196 704 2244; x_wconf 72' lang='grc' dir='ltr'><em>Ἀρίστωνος,</em></span> <span class='ocrx_word' id='word_1_217' title='bbox 736 2190 783 2232; x_wconf 76' lang='grc' dir='ltr'>οὗ</span> <span class='ocrx_word' id='word_1_218' title='bbox 816 2193 987 2244; x_wconf 77' lang='grc' dir='ltr'><strong><em>ἀδελφὸς</em></strong></span> <span class='ocrx_word' id='word_1_219' title='bbox 1025 2194 1202 2232; x_wconf 82' lang='grc' dir='ltr'><em>οὑτοσὶ</em></span> <span class='ocrx_word' id='word_1_220' title='bbox 1248 2194 1446 2245; x_wconf 82' lang='grc' dir='ltr'><strong>Πλάτων).</strong></span> 
     </span>
    </p>

    <p class='ocr_par' dir='ltr' id='par_1_7' title="bbox 79 2268 1764 2628">
     <span class='ocr_line' id='line_1_28' title="bbox 138 2268 1764 2324; baseline -0.001 -12"><span class='ocrx_word' id='word_1_221' title='bbox 138 2268 280 2312; x_wconf 89' lang='lat' dir='ltr'>Cardo</span> <span class='ocrx_word' id='word_1_222' title='bbox 326 2272 473 2311; x_wconf 89' lang='lat' dir='ltr'>autem</span> <span class='ocrx_word' id='word_1_223' title='bbox 521 2283 664 2311; x_wconf 90' lang='lat' dir='ltr'>rerum</span> <span class='ocrx_word' id='word_1_224' title='bbox 710 2268 776 2311; x_wconf 86' lang='lat' dir='ltr'>hic</span> <span class='ocrx_word' id='word_1_225' title='bbox 819 2272 905 2311; x_wconf 82' lang='lat' dir='ltr'>est:</span> <span class='ocrx_word' id='word_1_226' title='bbox 942 2268 1067 2311; x_wconf 89' lang='lat' dir='ltr'>Plato</span> <span class='ocrx_word' id='word_1_227' title='bbox 1101 2268 1358 2324; x_wconf 88' lang='lat' dir='ltr'>primarium</span> <span class='ocrx_word' id='word_1_228' title='bbox 1391 2268 1535 2311; x_wconf 78' lang='lat' dir='ltr'>locuni</span> <span class='ocrx_word' id='word_1_229' title='bbox 1569 2268 1764 2311; x_wconf 88' lang='lat' dir='ltr'>obtinere</span> 
     </span>
     <span class='ocr_line' id='line_1_29' title="bbox 79 2344 1764 2402; baseline 0.001 -15"><span class='ocrx_word' id='word_1_230' title='bbox 79 2344 237 2394; x_wconf 88' lang='lat' dir='ltr'>studet,</span> <span class='ocrx_word' id='word_1_231' title='bbox 268 2344 435 2388; x_wconf 86' lang='lat' dir='ltr'>intimis</span> <span class='ocrx_word' id='word_1_232' title='bbox 468 2349 507 2387; x_wconf 90' lang='lat' dir='ltr'>et</span> <span class='ocrx_word' id='word_1_233' title='bbox 541 2344 718 2401; x_wconf 89' lang='lat' dir='ltr'>optimis</span> <span class='ocrx_word' id='word_1_234' title='bbox 752 2344 947 2388; x_wconf 88' lang='lat' dir='ltr'>Socratis</span> <span class='ocrx_word' id='word_1_235' title='bbox 981 2344 1134 2387; x_wconf 86' lang='lat' dir='ltr'>amicis</span> <span class='ocrx_word' id='word_1_236' title='bbox 1168 2345 1447 2388; x_wconf 88' lang='lat' dir='ltr'>adnumerari</span> <span class='ocrx_word' id='word_1_237' title='bbox 1476 2345 1581 2388; x_wconf 90' lang='lat' dir='ltr'>vult.</span> <span class='ocrx_word' id='word_1_238' title='bbox 1610 2344 1764 2402; x_wconf 91' lang='lat' dir='ltr'>Neque</span> 
     </span>
     <span class='ocr_line' id='line_1_30' title="bbox 79 2419 1764 2477; baseline 0.001 -15"><span class='ocrx_word' id='word_1_239' title='bbox 79 2435 178 2463; x_wconf 92' lang='lat' dir='ltr'>eum</span> <span class='ocrx_word' id='word_1_240' title='bbox 210 2420 342 2476; x_wconf 91' lang='lat' dir='ltr'>pudet</span> <span class='ocrx_word' id='word_1_241' title='bbox 372 2435 419 2463; x_wconf 91' lang='lat' dir='ltr'>se</span> <span class='ocrx_word' id='word_1_242' title='bbox 453 2424 688 2463; x_wconf 88' lang='lat' dir='ltr'>ostentare.</span> <span class='ocrx_word' id='word_1_243' title='bbox 724 2419 889 2463; x_wconf 90' lang='lat' dir='ltr'>Eodem</span> <span class='ocrx_word' id='word_1_244' title='bbox 924 2420 1053 2462; x_wconf 92' lang='lat' dir='ltr'>modo</span> <span class='ocrx_word' id='word_1_245' title='bbox 1085 2435 1261 2476; x_wconf 92' lang='lat' dir='ltr'>quoque</span> <span class='ocrx_word' id='word_1_246' title='bbox 1297 2419 1341 2462; x_wconf 94' lang='lat' dir='ltr'>in</span> <span class='ocrx_word' id='word_1_247' title='bbox 1373 2420 1619 2470; x_wconf 85' lang='lat' dir='ltr'>Phaedone,</span> <span class='ocrx_word' id='word_1_248' title='bbox 1650 2421 1764 2477; x_wconf 91' lang='lat' dir='ltr'>quod</span> 
     </span>
     <span class='ocr_line' id='line_1_31' title="bbox 80 2495 1764 2553; baseline 0.002 -15"><span class='ocrx_word' id='word_1_249' title='bbox 80 2495 121 2538; x_wconf 93' lang='lat' dir='ltr'>in</span> <span class='ocrx_word' id='word_1_250' title='bbox 157 2511 327 2539; x_wconf 86' lang='lat' dir='ltr'>carcere</span> <span class='ocrx_word' id='word_1_251' title='bbox 358 2512 444 2539; x_wconf 95' lang='lat' dir='ltr'>non</span> <span class='ocrx_word' id='word_1_252' title='bbox 478 2496 644 2551; x_wconf 89' lang='lat' dir='ltr'>aderat,</span> <span class='ocrx_word' id='word_1_253' title='bbox 677 2512 775 2539; x_wconf 89' lang='lat' dir='ltr'>cum</span> <span class='ocrx_word' id='word_1_254' title='bbox 811 2496 1016 2540; x_wconf 84' lang='lat' dir='ltr'>Socrates</span> <span class='ocrx_word' id='word_1_255' title='bbox 1045 2497 1248 2553; x_wconf 91' lang='lat' dir='ltr'>poculum</span> <span class='ocrx_word' id='word_1_256' title='bbox 1269 2497 1538 2541; x_wconf 87' lang='lat' dir='ltr'>mortiferum</span> <span class='ocrx_word' id='word_1_257' title='bbox 1558 2497 1764 2543; x_wconf 85' lang='lat' dir='ltr'>hauriret,</span> 
     </span>
     <span class='ocr_line' id='line_1_32' title="bbox 79 2570 1418 2628; baseline -0.001 -14"><span class='ocrx_word' id='word_1_258' title='bbox 79 2570 357 2615; x_wconf 87' lang='lat' dir='ltr'>Phaedonem</span> <span class='ocrx_word' id='word_1_259' title='bbox 390 2572 605 2628; x_wconf 89' lang='lat' dir='ltr'>legentem</span> <span class='ocrx_word' id='word_1_260' title='bbox 640 2572 767 2615; x_wconf 90' lang='lat' dir='ltr'>facit:</span> <span class='ocrx_word' id='word_1_261' title='bbox 804 2575 971 2613; x_wconf 71' lang='grc' dir='ltr'><em>Πλάτων</em></span> <span class='ocrx_word' id='word_1_262' title='bbox 1004 2575 1059 2623; x_wconf 77' lang='grc' dir='ltr'>δέ,</span> <span class='ocrx_word' id='word_1_263' title='bbox 1090 2571 1213 2623; x_wconf 75' lang='grc' dir='ltr'>οἶμαι,</span> <span class='ocrx_word' id='word_1_264' title='bbox 1245 2574 1418 2624; x_wconf 71' lang='grc' dir='ltr'>ἠσθένει.</span> 
     </span>
    </p>

    <p class='ocr_par' dir='ltr' id='par_1_8' title="bbox 79 2646 1765 2844">
     <span class='ocr_line' id='line_1_33' title="bbox 138 2646 1764 2706; baseline 0 -16"><span class='ocrx_word' id='word_1_265' title='bbox 138 2646 279 2697; x_wconf 85' lang='lat' dir='ltr'>Quam</span> <span class='ocrx_word' id='word_1_266' title='bbox 311 2647 639 2691; x_wconf 87' lang='lat' dir='ltr'>excusationem</span> <span class='ocrx_word' id='word_1_267' title='bbox 674 2647 818 2691; x_wconf 87' lang='lat' dir='ltr'>fictam</span> <span class='ocrx_word' id='word_1_268' title='bbox 852 2664 949 2691; x_wconf 87' lang='lat' dir='ltr'>esse</span> <span class='ocrx_word' id='word_1_269' title='bbox 982 2647 1237 2704; x_wconf 81' lang='lat' dir='ltr'>suspicor¹).</span> <span class='ocrx_word' id='word_1_270' title='bbox 1273 2648 1433 2706; x_wconf 89' lang='lat' dir='ltr'>Utique</span> <span class='ocrx_word' id='word_1_271' title='bbox 1463 2648 1587 2691; x_wconf 88' lang='lat' dir='ltr'>Plato</span> <span class='ocrx_word' id='word_1_272' title='bbox 1606 2648 1764 2691; x_wconf 84' lang='lat' dir='ltr'>anxius</span> 
     </span>
     <span class='ocr_line' id='line_1_34' title="bbox 79 2722 1765 2770; baseline 0.001 -5"><span class='ocrx_word' id='word_1_273' title='bbox 79 2722 216 2766; x_wconf 87' lang='lat' dir='ltr'>fuisse</span> <span class='ocrx_word' id='word_1_274' title='bbox 251 2723 431 2770; x_wconf 89' lang='lat' dir='ltr'>videtur,</span> <span class='ocrx_word' id='word_1_275' title='bbox 463 2738 518 2766; x_wconf 91' lang='lat' dir='ltr'>ne</span> <span class='ocrx_word' id='word_1_276' title='bbox 550 2722 845 2767; x_wconf 88' lang='lat' dir='ltr'>Athenienses</span> <span class='ocrx_word' id='word_1_277' title='bbox 887 2723 1191 2767; x_wconf 85' lang='lat' dir='ltr'>existimarent</span> <span class='ocrx_word' id='word_1_278' title='bbox 1222 2724 1453 2767; x_wconf 86' lang='lat' dir='ltr'>Platonem</span> <span class='ocrx_word' id='word_1_279' title='bbox 1487 2723 1598 2767; x_wconf 87' lang='lat' dir='ltr'>inter</span> <span class='ocrx_word' id='word_1_280' title='bbox 1615 2723 1765 2766; x_wconf 86' lang='lat' dir='ltr'>fideles</span> 
     </span>
     <span class='ocr_line' id='line_1_35' title="bbox 79 2797 1093 2844; baseline 0.002 -3"><span class='ocrx_word' id='word_1_281' title='bbox 79 2797 273 2842; x_wconf 86' lang='lat' dir='ltr'>Socratis</span> <span class='ocrx_word' id='word_1_282' title='bbox 304 2799 469 2842; x_wconf 81' lang='lat' dir='ltr'>amicos</span> <span class='ocrx_word' id='word_1_283' title='bbox 503 2814 588 2843; x_wconf 95' lang='lat' dir='ltr'>non</span> <span class='ocrx_word' id='word_1_284' title='bbox 625 2815 722 2843; x_wconf 89' lang='lat' dir='ltr'>esse</span> <span class='ocrx_word' id='word_1_285' title='bbox 757 2801 1093 2844; x_wconf 88' lang='lat' dir='ltr'>numerandum.</span> 
     </span>
    </p>
   </div>
   <div class='ocr_carea' id='block_1_3' title="bbox 126 2968 1204 3012">
    <p class='ocr_par' dir='ltr' id='par_1_9' title="bbox 126 2968 1204 3012">
     <span class='ocr_line' id='line_1_36' title="bbox 126 2968 1204 3012; baseline 0.002 -9"><span class='ocrx_word' id='word_1_286' title='bbox 126 2970 151 3012; x_wconf 90' lang='grc'>1)</span> <span class='ocrx_word' id='word_1_287' title='bbox 176 2968 266 3004; x_wconf 88' lang='lat' dir='ltr'>Item</span> <span class='ocrx_word' id='word_1_288' title='bbox 294 2969 332 3003; x_wconf 86' lang='lat' dir='ltr'>E.</span> <span class='ocrx_word' id='word_1_289' title='bbox 357 2969 509 3008; x_wconf 64' lang='lat' dir='ltr'>mezn,</span> <span class='ocrx_word' id='word_1_290' title='bbox 537 2969 631 3004; x_wconf 90' lang='lat' dir='ltr'>Phil.</span> <span class='ocrx_word' id='word_1_291' title='bbox 654 2970 687 3004; x_wconf 93' lang='lat' dir='ltr'>d.</span> <span class='ocrx_word' id='word_1_292' title='bbox 713 2970 860 3005; x_wconf 86' lang='lat' dir='ltr'>Griech.</span> <span class='ocrx_word' id='word_1_293' title='bbox 888 2970 930 3010; x_wconf 89' lang='lat' dir='ltr'>ll,</span> <span class='ocrx_word' id='word_1_294' title='bbox 957 2972 1000 3010; x_wconf 78' lang='lat'>1⁴,</span> <span class='ocrx_word' id='word_1_295' title='bbox 1025 2971 1091 3005; x_wconf 84' lang='lat'>400</span> <span class='ocrx_word' id='word_1_296' title='bbox 1117 2971 1149 3005; x_wconf 91' lang='lat' dir='ltr'><strong>A</strong></span> <span class='ocrx_word' id='word_1_297' title='bbox 1173 2972 1204 3006; x_wconf 84' lang='lat'>3.</span> 
     </span>
    </p>
   </div>
  </div>
 </body>
</html>
