2019 3299
922 177 976 218 63

112 306 228 344 tores
276 300 356 343 hac
397 314 572 356 quoque
617 298 659 341 in
700 314 744 341 re
786 298 898 341 sicut
931 299 973 341 iu
1008 299 1228 355 superbia,
1263 300 1471 349 vanitate,
1504 300 1698 343 acerbia!
1737 327 1784 331 —

113 374 290 431 saepius
321 373 504 417 occurrit
539 373 623 416 vid.
660 388 695 416 e.
714 388 753 428 g.
788 373 1067 422 Plutarchus,
1102 374 1152 416 de
1186 373 1325 417 Genio
1358 374 1552 418 Socratis
1582 376 1623 418 9.

170 449 265 492 Nos
305 452 451 511 autem
492 448 600 491 haec
637 447 786 490 omnia
823 447 1088 503 investigare
1132 453 1306 491 nostrae
1348 449 1659 505 disputationis
1702 466 1786 492 non

112 523 323 567 ducimus.
363 523 602 580 Explorare
635 523 781 565 conati
815 539 968 566 sumus
1001 523 1103 580 quid
1131 529 1171 566 et
1205 525 1332 580 quale
1351 524 1630 567 daemonium
1659 531 1788 574 esset,

109 603 326 655 quatenus
366 599 599 655 scriptores
643 599 953 647 consentirent,
996 603 1216 656 quatenus
1259 600 1311 642 iis
1353 601 1614 642 credendum
1658 606 1788 643 esset.

116 673 312 717 Vidimus
352 673 662 730 Xenophontis
696 675 904 730 scriptum
940 674 1019 717 hac
1049 691 1222 731 quoque
1250 675 1291 717 in
1331 691 1375 718 re
1410 691 1493 717 non
1527 691 1674 718 carere
1706 675 1788 717 fide

110 749 332 796 historica,
375 748 506 791 immo
549 749 821 804 argumentis
864 753 904 791 et
951 749 1122 792 indiciis
1165 764 1187 791 e
1229 749 1425 792 Platonis
1458 750 1642 805 dialogis
1674 765 1788 792 sum-

109 824 192 879 ptis
223 829 434 881 tanquam
462 825 599 868 firmis
629 825 931 868 fundamentis
950 825 1199 868 confirmari
1219 830 1258 867 et
1277 826 1571 875 corroborari;
1601 826 1787 875 Platoni,

110 904 257 955 utpote
299 900 475 956 saepius
522 901 622 944 ficta
663 901 899 949 exhibenti,
949 916 1035 943 non
1083 900 1177 943 sine
1225 901 1480 957 exceptione
1527 901 1788 944 credendum

107 990 219 1024 esse,
260 975 600 1033 Xenophontem
650 992 752 1019 vero
795 976 1037 1019 orationem
1082 991 1169 1033 qua
1201 976 1361 1018 crimen
1397 976 1635 1033 impietatis
1667 977 1791 1020 diluit

107 1055 148 1093 et
190 1051 424 1107 redarguit,
476 1056 677 1095 naturam
727 1055 768 1093 et
817 1050 902 1093 vim
946 1051 1166 1094 daemonii
1193 1051 1364 1094 veritati
1399 1051 1715 1095 convenienter
1747 1057 1788 1095 et

108 1130 220 1168 recte
253 1126 379 1168 nobis
411 1127 657 1170 tradidisse.
