2019 3299
912 196 968 237 95

99 320 340 375 uberhaupt
388 318 618 361 bestreitet.
672 317 747 359 Die
796 321 909 359 erste
957 316 1094 371 Frage
1128 316 1231 358 wird
1269 318 1484 359 ausserst
1514 317 1774 369 gemunden

97 397 376 450 voryefuhrt‚
425 408 473 437 es
518 396 595 444 ist,
638 395 712 435 als
743 394 886 435 wollte
918 393 999 434 der
1032 391 1366 445 Schriftsteller
1397 392 1648 442 audentea,
1683 391 1773 432 das

96 473 196 514 hier
228 472 305 513 ein
337 470 614 523 Kunstglriff
641 469 846 522 vorsteyt,
875 467 986 508 denn
1016 465 1083 508 die
1111 465 1252 521 Klage
1280 466 1387 508 lasst
1416 464 1571 507 keinen
1596 464 1773 507 Zweifel

99 545 296 593 darijber,
346 544 449 587 dass
497 543 570 586 der
618 542 778 597 Klager
824 541 1035 584 Sokrates
1079 540 1197 582 nicht
1245 540 1311 582 fur
1347 539 1472 588 einen
1506 541 1626 587 ἄθεος
1660 539 1772 587 hain

97 635 143 663 er
173 618 338 676 spricht
362 620 411 674 ja
443 633 525 660 von
560 618 666 668 ἕτερα
700 618 899 667 δαιμόνια,
932 616 1094 658 welche
1126 615 1310 658 anderer
1342 616 1420 658 Art
1453 615 1518 658 als
1551 615 1617 657 die
1638 619 1774 658 vater-

98 694 351 738 landischen
399 693 549 736 Gotter
596 692 686 735 sein
736 691 925 740 konnen,
972 691 1078 734 aber
1120 691 1229 733 doch
1277 706 1374 732 zum
1424 690 1668 733 mindesten
1710 689 1776 733 als

99 769 316 813 Gottliche
364 768 515 811 Krafte
563 768 729 824 gefasst
771 766 942 809 werden
991 765 1215 808 mussen”.
1267 765 1411 812 Recte,
1458 780 1510 807 ne
1553 764 1594 807 in
1628 764 1775 807 libello

98 845 272 903 quidem
308 871 357 875 —
394 849 435 886 ut
479 859 564 886 non
608 843 762 899 loquar
803 842 854 885 de
892 841 985 884 eius
1019 840 1216 884 oratione
1252 867 1302 871 —
1337 839 1496 883 Meleto
1529 839 1776 882 obscuritas

101 921 330 964 verborum
378 919 490 962 obici
539 923 694 974 potest.
745 917 892 960 Altera
938 921 1086 960 autem
1128 920 1248 972 parte
1283 915 1373 958 viro
1411 914 1657 958 clarissimo
1690 930 1775 957 non

100 995 330 1039 assentior.
372 995 496 1038 Plato
530 1009 610 1036 nos
639 993 745 1036 nihil
777 1006 962 1036 ‘nesonere
995 993 1097 1035 vult.
1131 992 1165 1034 E
1203 991 1419 1034 contrario
1452 989 1779 1033 dissimulanter

99 1076 137 1114 et
179 1071 338 1114 furtive
385 1075 516 1127 atque
562 1073 618 1113 de
651 1071 858 1113 consulto
894 1069 999 1110 haec
1034 1068 1088 1111 ab
1127 1083 1177 1110 eo
1212 1072 1380 1110 mutata
1408 1071 1522 1109 sunt.
1553 1067 1625 1110 Sic
1659 1065 1774 1109 enim

99 1163 174 1204 per
219 1147 328 1190 duas
375 1145 742 1189 commutationes
775 1144 826 1187 ad
861 1159 956 1186 eam
990 1143 1313 1186 accusationem
1349 1142 1560 1198 pervenit,
1594 1157 1706 1198 quae
1739 1141 1777 1183 ei

100 1222 198 1266 usui
247 1237 343 1265 esse
390 1226 545 1278 potest,
594 1236 706 1278 quae
754 1220 870 1262 illius
918 1219 1149 1275 apologiae
1196 1219 1354 1261 idonea
1400 1223 1479 1260 est.
1528 1217 1698 1273 Nempe
1734 1221 1777 1259 ut

101 1298 306 1341 Meletum
349 1297 541 1340 deridere
591 1296 741 1352 possit.
779 1295 873 1338 Hoc
905 1295 1019 1338 enim
1054 1310 1189 1337 unum
1223 1294 1310 1350 agit
1345 1293 1387 1336 in
1422 1293 1503 1337 hac
1536 1298 1656 1349 parte
1684 1291 1778 1335 eius

100 1374 259 1431 scripti.
295 1373 496 1416 Totidem
531 1373 674 1416 verbis
710 1373 788 1414 hoc
820 1371 978 1427 legitur
1009 1370 1064 1412 27
1086 1370 1122 1412 A
1155 1374 1281 1410 καίτοι
1312 1371 1427 1410 τοῦτό
1460 1370 1537 1408 ἐστι
1573 1371 1780 1417 παίζοντος

101 1450 214 1494 conf.
249 1454 476 1506 praeterea
506 1449 563 1491 28
581 1448 632 1491 Α.
664 1449 769 1488 Ἀλλὰ
802 1450 889 1500 γάρ,
921 1444 950 1487 ὦ
987 1448 1129 1498 ἄνδρες
1165 1450 1385 1498 Ἀθηναῖοι,
1415 1445 1466 1492 ὡς
1497 1444 1568 1496 μὲν
1601 1445 1674 1497 ἐγὼ
1707 1445 1780 1484 οὐκ

102 1528 225 1566 ἀδικῶ
265 1527 363 1565 κατὰ
395 1526 466 1576 τὴν
499 1528 688 1575 Μελήτου
719 1525 896 1576 γραφήν,
927 1523 973 1563 οὐ
1005 1526 1153 1574 πολλῆς
1181 1538 1247 1573 μοι
1279 1523 1392 1561 δοκεῖ
1422 1518 1522 1560 εἶναι
1554 1521 1782 1572 ἀπολογίας,

101 1602 198 1642 ἀλλὰ
227 1602 346 1641 ἱκανὰ
376 1601 442 1641 καὶ
473 1607 605 1640 ταῦτα.

160 1677 267 1721 24ss
315 1675 500 1719 crimina
544 1674 720 1718 inverso
768 1673 919 1717 ordine
961 1673 1187 1729 leguntur:
1230 1671 1339 1715 26ss
1372 1676 1465 1715 tota
1496 1669 1780 1714 commutatio

103 1753 128 1796 i.
148 1769 183 1796 e.
241 1757 379 1796 totum
427 1751 590 1795 furtum
638 1750 883 1794 confectum
934 1755 975 1792 et
1022 1749 1074 1792 ad
1124 1749 1252 1791 finem
1302 1747 1556 1804 perductum
1605 1751 1683 1789 est.
1732 1746 1778 1788 In

102 1844 238 1873 unum
281 1828 442 1872 crimen
485 1826 787 1883 conglutinata
828 1830 931 1869 sunt
973 1825 1070 1867 duo.
1106 1824 1222 1867 Inter
1255 1825 1334 1868 has
1372 1824 1481 1867 duas
1515 1823 1781 1865 mutationes

103 1905 316 1948 collocata
362 1908 425 1947 est
469 1902 610 1945 irrisio
653 1901 813 1945 Meleti.
858 1901 922 1943 Eo
963 1901 1091 1943 modo
1124 1900 1247 1943 Plato
1280 1899 1443 1942 furtum
1479 1913 1606 1941 suum
1641 1897 1779 1941 occul-

102 1985 192 2024 tare
224 1980 381 2029 studet,
415 1979 476 2023 ita
503 1979 584 2021 hoc
615 1979 797 2021 lectores
830 1977 1069 2033 fugiturum
1103 1992 1199 2019 esse
1230 1980 1391 2032 sperat.
1427 1974 1605 2025 Νήηιοςῖ
1638 1973 1783 2016 Verba

103 2055 218 2099 enim
268 2055 342 2099 illa
388 2055 412 2108 ἢ
460 2057 582 2106 δῆλον
624 2055 672 2105 δὴ
712 2055 768 2093 ὅτι
809 2055 907 2092 κατὰ
939 2053 1011 2103 τὴν
1041 2054 1216 2105 γραφήν,
1247 2051 1298 2102 ἣν
1330 2051 1490 2104 ἐγράψω
1523 2067 1556 2089 κ.
1575 2067 1602 2089 τ.
1621 2054 1652 2089 λ.
1686 2048 1780 2091 eius

102 2131 327 2188 scriptoris
355 2135 455 2174 sunt
473 2130 547 2187 qui
566 2129 766 2173 arbitrari
788 2129 958 2171 videtur
974 2128 1157 2171 lectores
1177 2143 1281 2170 suos
1307 2128 1523 2173 νυστάζειν.
1543 2124 1643 2168 Non
1663 2124 1779 2167 enim

103 2222 160 2251 eoo
206 2208 352 2251 libello
394 2209 727 2250 accusatorum
770 2205 851 2247 hoc
895 2203 1174 2247 manifestum
1219 2208 1297 2252 est,
1331 2218 1388 2245 sc.
1423 2201 1779 2257 depravationem

102 2282 311 2326 iuvenum
346 2297 397 2325 ex
430 2297 479 2325 eo
511 2280 630 2337 gigni
662 2280 777 2338 quod
811 2280 1029 2327 Socrates,
1063 2279 1154 2334 ipse
1187 2278 1318 2321 homo
1351 2277 1524 2334 impius,
1558 2276 1670 2320 alios
1701 2292 1783 2319 sua

103 2358 324 2414 impietate
365 2356 669 2413 obstringeret.
713 2356 775 2398 Ex
819 2358 1031 2399 oratione
1073 2353 1218 2397 Meleti
1263 2353 1328 2396 vel
1361 2353 1544 2396 aliorum
1579 2352 1781 2396 adversa·

104 2433 264 2476 riorum
309 2433 390 2476 hoc
436 2438 583 2489 patere
626 2432 777 2488 potuit,
823 2432 898 2474 sed
942 2446 993 2474 ea
1034 2445 1250 2486 nusquam
1285 2445 1311 2472 a
1343 2429 1522 2472 Socrate
1556 2427 1781 2471 Platonico

104 2509 399 2566 impugnatur.
443 2507 565 2558 Quae
609 2508 763 2550 deinde
805 2511 1049 2564 sequuntur
1083 2506 1216 2549 verba
1248 2505 1429 2548 subdole
1462 2520 1635 2561 quoque
1667 2519 1781 2547 com*

106 2584 248 2640 posita
295 2600 393 2627 esse
432 2584 654 2627 videntur:
699 2586 745 2623 οὐ
780 2592 898 2622 ταῦτα
931 2588 1051 2634 λέγεις
1086 2583 1141 2620 ὅτι
1177 2584 1428 2621 διδάσκων
1464 2583 1780 2629 ὀιαφθείρω;

104 2660 151 2703 In
199 2665 403 2703 contextu
451 2659 697 2715 significare
744 2659 900 2701 debent
952 2659 1245 2712 impietatem
1291 2659 1483 2705 doceam
1527 2661 1672 2699 tamen
1720 2654 1782 2698 sic

106 2736 219 2778 nude
262 2735 405 2792 posita
445 2735 497 2778 de
536 2734 630 2778 eius
666 2733 865 2790 dialogis,
909 2734 959 2776 de
991 2732 1085 2775 eius
1118 2731 1376 2775 educatione
1408 2730 1617 2774 iuvenum
1646 2729 1781 2785 accipi

104 2815 302 2867 possunt.
336 2809 579 2853 Affirmatio
613 2809 772 2858 Meleti‚
804 2824 916 2865 quae
949 2807 1138 2864 graviter
1170 2812 1209 2849 et
1241 2823 1338 2850 cum
1367 2806 1567 2863 emphasi
1594 2821 1782 2863 pronun·

104 2885 212 2929 tiata
256 2891 333 2939 est,
384 2885 483 2928 ficta
530 2900 628 2928 esse
677 2883 783 2926 mihi
830 2883 1003 2940 quidem
1050 2882 1231 2927 videtum
1273 2882 1398 2926 valde
1439 2887 1585 2925 autem
1625 2881 1782 2923 idonea

105 2976 216 3018 quae
257 2961 334 3003 toti
372 2959 644 3004 altercationi
690 2959 886 3002 veritatis
929 2958 1120 3015 speciem
1162 2958 1384 3015 praebeat,
1420 2956 1537 3000 dico:
1575 2961 1678 2996 πάνυ
1712 2956 1781 3005 μὲν
