2019 3299
994 201 1069 229 vm

244 318 353 361 Cum
401 314 577 370 longius
624 313 755 356 etiam
800 327 924 355 mens
972 327 1072 355 mea
1118 311 1308 367 respicit,
1354 310 1477 353 video
1518 309 1596 357 Te,
1630 306 1872 351 clarissime

188 391 570 448 eruditissimeque
614 404 654 432 v.
689 388 925 431 anuwuN.
959 387 1073 438 Quot
1107 391 1359 444 quantaque
1393 385 1493 428 Tibi
1527 385 1723 438 debeam,
1751 396 1871 425 num-

187 483 319 526 quam
362 466 612 510 obliviscar.
656 463 872 506 Eximiam
907 462 1050 506 Tuam
1085 467 1125 505 et
1159 461 1424 519 exquisitam
1458 459 1715 507 doctrinam,
1749 472 1874 501 accu-

187 550 327 588 ratam
356 542 476 585 illam
505 542 724 594 ἀκρίβειαν,
749 538 1047 582 incredibilem
1077 537 1219 581 Tuam
1249 535 1521 592 diligentiam
1541 541 1580 578 et
1599 533 1873 583 industriam,

188 618 456 676 singularem
501 616 643 660 Latini
686 614 904 659 sermonis
953 614 1232 670 elegantiam,
1277 613 1470 670 quietam
1504 616 1544 654 et
1576 610 1873 654 firmissimam

189 696 233 739 in
259 692 602 739 demonstrando
629 690 1071 748 argumentationem,
1092 689 1292 746 aliasque
1311 687 1552 745 permultas
1571 686 1694 730 Tuas
1713 685 1876 741 ingenii

190 776 231 815 et
265 769 487 813 doctrinae
518 767 700 811 virtutes
727 781 859 823 saepe
888 765 1017 809 tacite
1046 764 1289 808 admiratus
1319 779 1416 807 sum
1448 767 1489 806 et
1516 761 1875 805 nunc—-luben-

190 846 358 889 tissime
408 854 489 888 hoc
534 843 680 901 palam
730 842 934 899 profiteor
980 868 1028 872 ψ
1075 840 1238 897 procul,
1283 855 1442 894 magno
1480 837 1724 890 intervallo,
1758 836 1875 880 haud

190 920 343 978 aequis
377 920 597 977 passibus,
629 917 792 961 imitari
825 922 865 960 et
898 916 1021 973 sequi
1061 920 1245 959 conatus
1277 930 1388 958 sum.
1423 913 1535 957 Toto
1568 913 1716 957 animo
1748 927 1876 969 spero

192 1013 260 1040 me
302 997 383 1040 hoc
414 995 563 1039 libello
596 994 696 1036 Tibi
730 993 960 1037 ostendere
995 1007 1124 1049 posse
1159 1007 1180 1034 e
1213 990 1312 1034 Tua
1343 989 1498 1033 schola
1530 1004 1598 1032 me
1632 987 1876 1045 profectum

190 1088 288 1116 esse
335 1077 376 1116 et
417 1070 758 1116 commilitonem
802 1068 939 1112 fuisse
973 1083 1057 1111 non
1094 1082 1272 1123 prorsus
1305 1065 1531 1122 indignum
1564 1064 1639 1122 qui
1670 1063 1877 1121 Aquilam

193 1149 336 1194 Tuam
372 1151 640 1205 sequeretur.

252 1225 376 1269 Tuae
408 1238 582 1281 quoque
615 1220 865 1265 reconditae
898 1225 939 1263 et
973 1219 1160 1275 insignis
1192 1218 1414 1261 doctrinae
1447 1216 1583 1272 copiis
1616 1221 1657 1259 et
1690 1215 1879 1273 philoso-

194 1302 300 1359 phia
331 1300 442 1349 Tua,
476 1297 720 1342 clarissime
754 1296 975 1345 BoLLAND,
1013 1311 1081 1338 me
1115 1293 1313 1337 nonnihil
1348 1292 1586 1350 profecisse
1619 1307 1879 1348 persuasum

194 1377 295 1420 Tibi
344 1376 518 1419 habeto.
565 1372 850 1416 Manifestum
898 1371 998 1414 Tibi
1047 1371 1128 1414 erit
1165 1386 1216 1413 ex
1255 1370 1335 1413 hoc
1366 1369 1514 1412 libello
1548 1383 1615 1411 me
1647 1383 1822 1425 quoque
1854 1383 1881 1412 a

196 1453 259 1497 Te
302 1452 529 1496 incitatum
574 1464 670 1492 esse
712 1448 766 1491 ad
805 1447 996 1491 studium
1032 1446 1338 1503 philosophiae
1372 1450 1412 1488 et
1445 1444 1806 1501 philosophorum
1841 1451 1879 1487 et

195 1528 474 1586 aliquatenus
517 1524 626 1567 Tuis
668 1523 1052 1567 adhortationibus
1096 1521 1331 1578 impulsum
1367 1521 1480 1564 hanc
1514 1519 1740 1564 materiem
1772 1523 1880 1563 trac-

196 1604 374 1648 tandam
408 1602 671 1659 suscepisse.
705 1600 832 1651 Quod
865 1598 965 1641 Tibi
1004 1613 1089 1641 non
1124 1597 1345 1653 ingratum
1378 1596 1471 1639 fore
1505 1596 1632 1639 valde
1664 1611 1807 1652 spero.

256 1677 580 1722 Lubentissime
623 1676 722 1719 Tibi
765 1690 953 1733 quoque,
1002 1673 1245 1717 clarissime
1290 1672 1564 1721 HOLWERDA,
1602 1670 1767 1727 gratias
1799 1686 1881 1727 ago

198 1755 430 1799 maximas.
472 1752 573 1796 Tua
615 1751 831 1795 institutio
869 1755 910 1793 et
950 1749 1147 1792 doctrina
1190 1748 1346 1791 mirum
1390 1751 1603 1804 quantum
1648 1746 1755 1789 mihi
1787 1762 1881 1803 pro-

200 1831 375 1874 fuerunt
403 1829 456 1873 ad
485 1828 641 1872 melius
664 1826 1016 1883 cognoscendum
1036 1824 1232 1868 animum
1252 1829 1290 1867 et
1311 1823 1499 1866 indolem
1520 1822 1667 1880 populi
1685 1822 1883 1865 omnium

199 1904 557 1962 ingeniosissimi,
601 1906 814 1961 quotquot
855 1902 1030 1945 fuerunt
1068 1905 1279 1958 quotquot
1322 1904 1436 1942 sunt.
1464 1898 1540 1941 'Te
1573 1913 1746 1956 quoque
1778 1898 1886 1941 duce

200 1997 349 2026 amare
380 1981 502 2037 coepi
535 1980 727 2023 studium
762 1979 925 2022 Rerum
960 1976 1243 2020 Graecarum.

258 2056 352 2100 Etsi
380 2061 576 2109 tempore
610 2054 813 2098 exclusus
847 2068 965 2096 eram
1000 2052 1238 2109 quominus
1270 2051 1378 2094 Tuis
1411 2050 1672 2093 lectionibus
1705 2041 1884 2093 interes-

201 2148 307 2182 sem,
354 2130 597 2174 clarissime
644 2145 685 2173 V.
735 2130 924 2176 GELDER,
974 2143 1050 2184 pro
1094 2126 1401 2170 benevolentia
1441 2140 1528 2182 qua
1570 2125 1689 2169 hisce
1731 2125 1885 2169 diebus

202 2223 307 2264 erga
338 2222 407 2250 me
442 2221 547 2249 usus
582 2221 642 2255 eS‚
677 2220 729 2248 ex
761 2203 896 2248 animi
931 2202 1152 2246 sententia
1185 2201 1286 2244 Tibi
1320 2201 1485 2257 gratias
1518 2216 1616 2257 ago.
