2019 3299
908 187 988 230 163

146 307 224 352 Ille
269 308 412 352 corbis
455 309 731 366 splendidum
778 310 1026 367 exemplum
1074 316 1138 353 est
1182 311 1329 354 rustici
1372 310 1509 354 nostri
1543 309 1764 358 Socrati53

91 383 221 427 nimis
261 384 418 427 durum
460 390 604 427 autem
648 391 740 428 erat
783 390 822 427 et
862 385 1068 428 acerbum
1102 391 1140 428 et
1173 385 1395 442 singulare
1428 400 1561 442 quam
1593 384 1711 442 quod
1743 399 1770 427 a

90 459 382 517 Xenophonte
428 461 665 517 fingeretur
706 466 747 504 et
789 461 1108 517 excogitaretur
1142 489 1190 493 —
1228 467 1341 505 recte
1385 462 1466 505 hoc
1498 461 1586 504 iam
1621 458 1777 503 statuit

91 535 301 578 GoMPEnz
346 537 555 590 „Griech
600 535 806 579 Denker‘'
848 536 887 578 II
929 537 985 579 64
1021 564 1085 580 —.
1129 537 1258 580 Talia
1300 536 1637 584 transferuntur,
1685 550 1769 578 non

91 610 325 667 finguntur,
359 610 507 668 utique
541 626 626 654 non
661 611 716 654 ab
755 611 930 655 homine
973 612 1153 661 urbano,
1201 612 1344 669 qualis
1386 611 1634 666 Xenophon
1669 615 1774 654 erat.

90 685 264 729 Platoni
303 686 433 729 nimis
475 686 676 729 sordidus
726 686 846 730 visus
894 691 973 736 est,
1024 703 1165 745 neque
1212 688 1274 730 sic
1310 693 1471 730 temere
1501 687 1582 729 hoc
1615 685 1776 742 imitari

91 760 242 817 potuit.
284 760 482 804 Mutatus
525 766 589 804 est
631 761 675 804 in
717 761 863 805 ollam.
912 762 975 805 Re
1024 778 1127 806 vera
1173 768 1319 806 autem
1361 762 1467 805 talia
1509 777 1606 804 esse
1639 760 1777 818 ipsius

90 835 286 894 Socratis
325 841 366 879 et
398 837 512 893 apud
547 836 775 880 Platonem
808 837 982 881 dilucet.
1017 837 1161 882 Verba
1193 838 1309 881 enim
1343 864 1394 869 —-
1428 837 1693 881 honorifica!
1722 863 1772 868 —

90 913 268 960 τοιοῦτός
306 929 375 963 τις,
410 909 439 952 ὦ
473 911 622 960 Ἱππία,
654 914 700 953 οὐ
728 916 884 964 κομψὸς
911 914 1007 953 ἀλλὰ
1041 916 1249 966 συρφετός,
1274 914 1395 954 οὐδὲν
1431 915 1523 953 ἄλλο
1557 916 1778 964 φροντίζων

90 985 116 1039 ἢ
146 987 188 1026 τὸ
219 987 368 1038 ἀληθές
400 986 562 1044 optime
594 987 833 1044 depingunt
868 1004 1017 1031 verum
1052 988 1292 1032 Socratem.
1331 988 1592 1031 Conferatur
1619 987 1775 1030 similis

91 1060 309 1105 sententia
354 1060 398 1104 in
445 1061 682 1105 Phaedone
726 1064 780 1106 91
802 1063 850 1111 Β,
896 1078 946 1105 ex
979 1079 1065 1120 qua
1099 1069 1215 1120 patet
1248 1064 1290 1106 in
1327 1079 1429 1107 vero
1464 1064 1771 1119 investigando

91 1136 179 1180 alia
224 1136 374 1180 omnia
418 1138 543 1194 parvi
591 1153 687 1181 esse
736 1138 955 1183 facienda.
1000 1142 1167 1191 σμικρὸν
1211 1144 1495 1192 φροντίσαντες
1526 1143 1782 1191 Σωκράτους,

95 1221 162 1266 τῆς
192 1214 233 1254 ὁὲ
264 1215 456 1266 ἀληθείας
488 1217 590 1256 πολὺ
623 1221 782 1267 μᾶλλον.

149 1289 303 1347 Neque
339 1290 553 1340 homines,
584 1307 722 1348 neque
751 1292 955 1335 decorum
985 1308 1158 1339 curans,
1188 1292 1337 1342 durus,
1365 1292 1547 1335 acerbus
1566 1291 1770 1335 Socrates

92 1381 242 1409 verum
277 1372 476 1409 venatur.

152 1516 265 1560 Huic
316 1522 461 1560 autem
510 1534 640 1575 quam
691 1534 824 1575 supra
872 1518 1213 1563 memoravimus
1266 1519 1596 1575 interrogationi
1644 1519 1778 1563 simili

93 1592 222 1635 modo
254 1593 564 1649 respondetur:

94 1698 224 1743 Mem.
257 1699 332 1742 III.
366 1701 407 1744 8.
441 1701 481 1744 6.
1002 1703 1132 1761 Hipp.
1167 1719 1223 1747 m.
1256 1704 1344 1747 288
1362 1704 1414 1747 D.

152 1776 217 1827 Νὴ
266 1775 349 1828 Δί’,
395 1779 484 1828 ἔφη,
529 1777 595 1817 καὶ
646 1785 769 1830 χρυσῆ
826 1794 866 1831 γε
1059 1781 1166 1831 εἴπερ
1222 1779 1245 1831 ἡ
1293 1783 1413 1832 χύτρα
1459 1781 1775 1831 κεκεραμευμένη

92 1851 210 1899 ἀσπὶς
238 1853 414 1905 αἰσχρόν,
439 1853 507 1893 ἐὰν
532 1854 630 1904 πρὸς
652 1854 697 1893 τὰ
715 1853 867 1894 ἑαυτῶν
932 1901 933 1906 1
1001 1856 1059 1906 εἴη
1096 1854 1156 1894 ὑπ’
1192 1855 1352 1908 ἀγαθοῦ
1378 1857 1577 1906 κεραμέως
1605 1858 1687 1896 λεία
1715 1858 1780 1896 καὶ

92 1927 184 1979 ἔργα
216 1926 236 1966 ὃ
269 1926 341 1977 μὲν
372 1932 499 1976 καλῶς
531 1929 798 1980 πεποιημένος
830 1926 868 1984 ᾖ,
932 1920 933 1962 i
1001 1933 1228 1984 σπρογγύλη
1275 1932 1340 1970 καὶ
1388 1936 1516 1979 καλῶς
1568 1931 1778 1983 ὠπτημένη

93 2000 117 2053 ἡ
151 2001 192 2041 δὲ
223 2010 366 2051 κακῶς.
932 2051 933 2055 ¹
1000 2022 1031 2044 κΔ
1052 2022 1081 2044 τ.
1100 2010 1133 2045 λ.

152 2129 321 2171 Aurum
373 2134 518 2172 autem
567 2134 691 2186 turpe
738 2146 834 2174 esse
874 2146 1002 2187 posse
1035 2131 1359 2175 demonstratur
1391 2133 1505 2189 apud
1538 2133 1768 2176 Platonem

94 2204 225 2261 Hipp.
259 2219 314 2247 m.
347 2205 433 2250 290
451 2205 499 2255 E,
534 2205 689 2249 deinde
723 2206 829 2250 haec
863 2207 1084 2250 sententia
1115 2207 1275 2264 legitur
1307 2208 1471 2252 293E:

152 2281 303 2332 ἔφαμεν
348 2282 416 2321 τὸν
460 2283 622 2333 χρυσόν,
662 2279 720 2330 οἷς
762 2283 834 2332 μὲν
866 2283 1021 2334 πρέπει,
1051 2286 1173 2324 καλὸν
1205 2281 1319 2335 εἶναι,
1352 2281 1408 2332 οἷς
1443 2285 1482 2324 ὁὲ
1517 2286 1584 2335 μή,
1614 2284 1676 2335 οὔ,
1710 2285 1776 2323 καὶ

94 2352 211 2395 τᾶλλα
242 2358 386 2407 πάντα,
417 2353 475 2404 οἷς
512 2356 562 2395 ἂν
595 2364 710 2397 τοῦτο
742 2365 883 2412 προσῇ.

154 2429 273 2474 Idem
306 2435 452 2475 autem
485 2431 600 2487 apud
633 2431 747 2475 Xen.
780 2431 910 2476 Mem.
944 2432 1021 2476 ΙΙΙ.
1055 2434 1096 2476 8.
1131 2434 1170 2477 7.

152 2508 280 2546 πάντα
320 2508 393 2560 γὰρ
435 2507 572 2559 ἀγαθὰ
604 2508 675 2558 μὲν
706 2509 772 2548 καὶ
804 2511 905 2548 καλά
938 2510 1015 2549 ἐστι
1051 2511 1149 2562 πρὸς
1182 2509 1206 2548 ἃ
1238 2509 1287 2549 ἂν
1320 2506 1363 2550 εὖ
1395 2511 1475 2563 ἔχῃ,
1505 2512 1607 2550 κακὰ
1641 2511 1681 2551 δὲ
1713 2512 1778 2551 καὶ

94 2582 233 2632 αἰσχρὰ
264 2583 360 2630 πρὸς
393 2581 417 2620 ἃ
448 2581 498 2621 ἂν
530 2591 671 2631 κακῶς.

153 2655 276 2698 Idem
302 2661 448 2700 autem
476 2657 706 2714 pulchrum
733 2673 832 2702 esse
861 2674 989 2715 posse
1013 2664 1051 2702 et
1070 2664 1194 2716 turpe
1213 2659 1328 2716 apud
1347 2664 1580 2717 utrumque
1598 2659 1778 2716 legitur:

95 2790 226 2834 Mem.
259 2790 334 2833 ΠΙ.
369 2791 409 2834 8.
444 2792 485 2835 6.
936 2802 937 2808 ’
1003 2793 1134 2850 Hipp.
1170 2809 1226 2836 m.
1260 2793 1345 2837 289
1365 2793 1410 2837 C.

154 2867 276 2919 λέγεις
322 2869 384 2917 σύ,
430 2867 521 2918 ἔφη,
566 2870 666 2907 καλά
722 2885 760 2908 τε
808 2865 875 2908 καὶ
1060 2874 1101 2909 τὸ
1134 2872 1254 2910 καλόν

1526 2870 1646 2910 οὐδὲν
1685 2875 1779 2922 μᾶλ-

95 2943 235 2994 αἰσχρὰ
268 2942 313 2981 τὰ
344 2943 447 2982 αὐτὰ
478 2939 602 2989 εἶναι;
938 2968 939 2992 3
1003 2949 1072 2984 λον
1104 2946 1226 2984 καλὸν
1259 2945 1284 2997 ἢ
1317 2946 1502 2998 αἱσχρόν;
