2019 3299
882 206 955 248 141

86 327 194 371 Plat.
237 328 495 384 saepissime
537 328 635 372 aliis
669 329 925 372 hominibus
952 330 1078 373 datur
1110 330 1162 372 cf.
1196 330 1381 385 Gorgias
1414 330 1500 374 485
1520 329 1567 378 E,
1601 329 1685 373 479
1707 330 1755 372 D.

86 403 335 446 Alcibiades
382 405 464 447 118
482 403 530 452 B,
577 404 659 447 120
677 404 728 452 A,
775 405 853 447 127
876 405 923 452 D,
964 405 1039 447 131
1063 405 1110 453 Β,
1147 406 1228 448 133
1257 405 1304 448 Ε.
1345 407 1423 449 135
1445 406 1492 454 D,
1529 410 1756 461 praeterea

85 477 481 522 innumerabilibus
514 478 634 521 locis,

144 552 250 595 Item
282 553 545 609 Xenophon.
578 554 707 596 Mem.
743 554 816 596 IV.
850 554 890 597 2.
924 556 993 597 39.

142 627 242 670 Non
276 643 448 685 semper
480 627 682 671 Socrates
716 629 796 671 boe
831 629 1044 672 vocabulo
1078 629 1224 672 utitur.

140 702 266 746 Errat
313 719 414 759 ergo
463 718 503 746 v.
539 719 576 746 D,
610 704 870 747 Bi-:YsanAG
907 704 950 758 (l.
983 704 1010 747 Ι.
1042 704 1160 757 499).
1195 709 1241 747 ut
1273 704 1439 760 opinor,
1473 704 1546 761 qui
1590 703 1759 747 crimini

82 778 154 821 dat
187 778 442 835 Apologiae‚
470 794 621 834 parvo
652 779 810 833 libello,
844 780 959 836 quod
993 795 1078 822 non
1112 779 1285 822 exhibet
1317 777 1421 822 illud
1453 779 1729 822 vocabulum.

140 1081 180 1124 4)
215 1081 424 1130 Vinculis‚
457 1080 616 1138 quibus
648 1081 847 1137 dialogus
880 1081 1055 1125 Pliaedo
1088 1096 1184 1124 cum
1218 1081 1344 1137 Apol.
1364 1080 1476 1124 Xen.
1501 1080 1759 1123 coniunctus

80 1161 160 1206 est,
193 1153 275 1200 hoc
306 1172 481 1217 quoque
513 1157 893 1200 annumerandum
930 1161 1008 1199 est.

137 1233 185 1276 In
238 1233 454 1290 Apologia
499 1232 695 1276 Platonis
741 1233 792 1275 de
840 1236 976 1275 morte
1009 1231 1203 1275 Socratis
1240 1231 1347 1274 nihil
1382 1231 1508 1274 nobis
1541 1236 1757 1276 narratur.

79 1309 200 1352 Finis
245 1309 340 1352 eius
383 1309 498 1352 vitae
539 1308 786 1365 depingitur
828 1308 869 1350 in
909 1307 1144 1351 Phaedone
1173 1307 1228 1360 (l).
1262 1306 1391 1350 Extat
1424 1312 1569 1350 autem
1605 1307 1646 1350 in
1683 1307 1757 1350 illo

80 1385 253 1441 dialogo
284 1384 406 1428 locus
437 1383 510 1442 qui
542 1383 727 1426 conferri
760 1387 900 1440 potest
933 1398 1031 1426 cum
1061 1382 1285 1425 nonnullis
1306 1383 1461 1426 verbis.
1483 1398 1594 1439 quae
1614 1382 1760 1429 Xeno,

82 1460 196 1517 phon
230 1459 348 1503 addit
386 1460 427 1503 in
461 1459 680 1516 Apologia
713 1474 805 1502 sua.

139 1535 251 1592 Apol
300 1535 411 1579 Xen.
443 1536 515 1578 33.

138 1612 360 1660 ἐπεδείξατο
407 1610 448 1651 δὲ
492 1619 558 1662 τῆς
604 1617 736 1662 ψυχῆς
781 1610 853 1660 τὴν
890 1610 1038 1661 ῥώμην·
1070 1608 1153 1648 ἐπεὶ
1182 1609 1255 1662 γὰρ
1288 1609 1387 1660 ἔγνω
1420 1615 1489 1648 τοῦ
1523 1610 1575 1648 ἔτι
1609 1611 1678 1660 ζῆν
1711 1610 1754 1648 τὸ

76 1689 270 1727 τεθνάναι
297 1687 403 1742 αὑτῷ
436 1691 616 1737 κρεῖσσον
647 1682 748 1724 εἶναι
780 1686 909 1737 ὥσπερ
942 1683 1035 1725 οὐδὲ
1066 1684 1164 1734 πρὸς
1195 1680 1313 1723 τᾶλλα
1346 1683 1502 1735 τάγαθὰ
1534 1685 1760 1735 προσάντης

80 1758 144 1814 ἧν,
199 1762 319 1803 οὐδὲ
375 1763 501 1814 πρὸς
548 1762 634 1802 τὸν
679 1763 923 1800 θάνατον
975 1760 1351 1811 ἐμαλακίσατο,
1391 1758 1485 1799 ἀλλ’
1536 1758 1762 1814 ἱλαρῶς

79 1838 154 1878 καὶ
195 1838 537 1889 προσεδέχετο
581 1837 742 1877 αὐτὸν
783 1836 865 1875 καὶ
911 1835 1267 1875 ἐπετελέσατο.

138 1912 317 1956 Phaedo
355 1912 432 1955 117
452 1912 501 1955 B.

138 1989 203 2028 καὶ
250 1987 292 2036 ὃς
337 1989 471 2040 λαβὼν
516 1988 582 2027 καὶ
637 1989 768 2038 μάλα
814 1985 967 2040 ἵλεως,
1012 1982 1040 2024 ὦ
1083 1984 1322 2036 Ἐχέκρατες,
1374 1985 1530 2025 οὐδὲν
1574 1985 1758 2036 τρέσας

81 2064 202 2106 οὐδὲ
254 2065 577 2114 διαφθείρας
629 2063 746 2103 οὔτε
797 2070 885 2101 τοῦ
938 2062 1206 2113 χρώματος
1259 2060 1375 2100 οὔτε
1430 2067 1518 2100 τοῦ
1567 2062 1760 2111 προσώ-

80 2157 177 2181 που
225 2157 259 2179 κ.
293 2157 320 2178 t.
354 2143 384 2177 λ.

139 2217 213 2260 Em
249 2215 419 2271 quibus
459 2215 572 2257 locis
617 2215 818 2267 apparet
862 2212 1212 2265 Xenophontem
1255 2212 1294 2253 et
1331 2211 1576 2253 Platonem
1606 2213 1759 2254 isdem

77 2292 314 2336 vocabulis
359 2291 443 2338 uti,
492 2303 598 2333 omn
645 2302 738 2332 non
779 2290 843 2331 ad
886 2289 1120 2331 Socratem
1161 2289 1324 2340 ipsum
1354 2288 1524 2341 referri
1555 2289 1758 2341 possint.

77 2368 165 2412 Aut
197 2368 382 2412 alterum
416 2366 599 2410 alterum
634 2364 846 2420 respicere
879 2368 954 2407 aut
988 2362 1163 2406 tertium
1197 2362 1426 2405 amborum
1464 2362 1629 2405 fontem
1663 2377 1761 2404 esse

79 2447 423 2487 consentaneum
457 2445 536 2484 est.

139 2517 221 2561 Hic
251 2517 375 2559 locus
407 2530 509 2572 ergo
542 2514 720 2558 maximi
754 2513 964 2557 momenti
998 2518 1078 2557 est.

135 2592 367 2636 Praeterea
403 2593 517 2647 finis
560 2590 688 2647 Apol.
722 2589 778 2632 X.
813 2594 854 2632 et
885 2592 1058 2634 ultima
1090 2589 1229 2633 verba
1260 2587 1512 2631 Pbaedonis
1546 2586 1760 2630 similiter

80 2667 305 2711 Socratem
337 2665 541 2710 laudant!

140 2741 302 2784 Dixerit
347 2739 506 2797 aliquis
554 2754 639 2781 non
688 2738 873 2781 multum
924 2737 1070 2780 valere
1112 2736 1218 2780 talia
1258 2735 1435 2785 similia,
1470 2752 1611 2793 neque
1644 2736 1760 2793 quic-

78 2831 210 2873 quam
244 2815 362 2859 hisce
396 2814 538 2858 verbis
571 2813 684 2856 inter
715 2829 762 2857 se
794 2812 1071 2856 conferendis
1098 2811 1403 2862 demonstrari,
1437 2811 1615 2868 saepius
1647 2811 1760 2854 enim

76 2891 186 2934 duos
218 2890 453 2947 scriptores
485 2889 536 2932 de
568 2889 721 2932 eadem
755 2903 799 2931 re
830 2888 983 2931 eodem
1018 2887 1235 2930 vocabulo
1268 2886 1343 2930 uti.

139 2965 293 3009 Credo.
