<?xml version="1.0" encoding="UTF-8"?>
<!DOCTYPE html PUBLIC "-//W3C//DTD XHTML 1.0 Transitional//EN"
    "http://www.w3.org/TR/xhtml1/DTD/xhtml1-transitional.dtd">
<html xmlns="http://www.w3.org/1999/xhtml" xml:lang="en" lang="en">
 <head>
  <title>
</title>
<meta http-equiv="Content-Type" content="text/html;charset=utf-8" />
  <meta name='ocr-system' content='tesseract 3.04.00' />
  <meta name='ocr-capabilities' content='ocr_page ocr_carea ocr_par ocr_line ocrx_word'/>
</head>
<body>
  <div class='ocr_page' id='page_1' title='image "./deapologiaxenoph00vrijuoft_0164.png"; bbox 0 0 2019 3299; ppageno 0'>
   <div class='ocr_carea' id='block_1_1' title="bbox 168 168 1121 348">
    <p class='ocr_par' dir='ltr' id='par_1_1' title="bbox 168 168 1121 348">
     <span class='ocr_line' id='line_1_1' title="bbox 1037 168 1121 212; baseline 0.012 -1"><span class='ocrx_word' id='word_1_1' title='bbox 1037 168 1121 212; x_wconf 83' lang='lat'>140</span> 
     </span>
     <span class='ocr_line' id='line_1_2' title="bbox 168 290 609 348; baseline 0.002 -15"><span class='ocrx_word' id='word_1_2' title='bbox 168 332 170 338; x_wconf 77' lang='grc'>,</span> <span class='ocrx_word' id='word_1_3' title='bbox 233 291 358 348; x_wconf 87' lang='lat' dir='ltr'>Apol.</span> <span class='ocrx_word' id='word_1_4' title='bbox 393 290 505 334; x_wconf 89' lang='lat' dir='ltr'>Xen.</span> <span class='ocrx_word' id='word_1_5' title='bbox 544 291 609 334; x_wconf 78' lang='lat'>14.</span> 
     </span>
    </p>
   </div>
   <div class='ocr_carea' id='block_1_2' title="bbox 290 364 1633 417">
    <p class='ocr_par' dir='ltr' id='par_1_2' title="bbox 290 364 1633 417">
     <span class='ocr_line' id='line_1_3' title="bbox 290 364 1633 417; baseline -0.001 -11"><span class='ocrx_word' id='word_1_6' title='bbox 290 368 372 406; x_wconf 72' lang='grc' dir='ltr'><strong><em>ἐπεὶ</em></strong></span> <span class='ocrx_word' id='word_1_7' title='bbox 406 366 448 406; x_wconf 73' lang='grc' dir='ltr'>δὲ</span> <span class='ocrx_word' id='word_1_8' title='bbox 480 364 583 406; x_wconf 76' lang='grc' dir='ltr'>ταῦτ’</span> <span class='ocrx_word' id='word_1_9' title='bbox 621 367 834 413; x_wconf 80' lang='grc' dir='ltr'><em>ἀκούοντες</em></span> <span class='ocrx_word' id='word_1_10' title='bbox 867 368 906 406; x_wconf 86' lang='grc' dir='ltr'>οἱ</span> <span class='ocrx_word' id='word_1_11' title='bbox 936 367 1113 406; x_wconf 76' lang='grc' dir='ltr'>δικασταὶ</span> <span class='ocrx_word' id='word_1_12' title='bbox 1147 367 1449 417; x_wconf 80' lang='grc' dir='ltr'><em>ἐθορύβουν</em></span> <span class='ocrx_word' id='word_1_13' title='bbox 1601 398 1633 408; x_wconf 28' lang='grc' dir='ltr'>ἶ.</span> 
     </span>
    </p>
   </div>
   <div class='ocr_carea' id='block_1_3' title="bbox 225 440 1914 2156">
    <p class='ocr_par' dir='ltr' id='par_1_3' title="bbox 231 440 608 497">
     <span class='ocr_line' id='line_1_4' title="bbox 231 440 608 497; baseline -0.003 -13"><span class='ocrx_word' id='word_1_14' title='bbox 231 441 360 497; x_wconf 88' lang='lat' dir='ltr'><strong>Apol.</strong></span> <span class='ocrx_word' id='word_1_15' title='bbox 394 440 506 484; x_wconf 88' lang='lat' dir='ltr'>Xen.</span> <span class='ocrx_word' id='word_1_16' title='bbox 542 440 608 483; x_wconf 82' lang='lat'>15.</span> 
     </span>
    </p>

    <p class='ocr_par' dir='ltr' id='par_1_4' title="bbox 231 513 1914 648">
     <span class='ocr_line' id='line_1_5' title="bbox 290 513 1914 568; baseline -0.001 -12"><span class='ocrx_word' id='word_1_17' title='bbox 290 518 340 564; x_wconf 80' lang='grc' dir='ltr'>ὡς</span> <span class='ocrx_word' id='word_1_18' title='bbox 371 516 403 556; x_wconf 81' lang='grc' dir='ltr'>ὁ’</span> <span class='ocrx_word' id='word_1_19' title='bbox 437 513 488 556; x_wconf 78' lang='grc' dir='ltr'>αὖ</span> <span class='ocrx_word' id='word_1_20' title='bbox 517 515 616 556; x_wconf 78' lang='grc' dir='ltr'><em>ταῦτ’</em></span> <span class='ocrx_word' id='word_1_21' title='bbox 650 517 893 564; x_wconf 72' lang='grc' dir='ltr'><em>ἀκούσαντες</em></span> <span class='ocrx_word' id='word_1_22' title='bbox 920 518 961 556; x_wconf 83' lang='grc' dir='ltr'>οἵ</span> <span class='ocrx_word' id='word_1_23' title='bbox 974 517 1153 556; x_wconf 79' lang='grc' dir='ltr'><em>δικασταὶ</em></span> <span class='ocrx_word' id='word_1_24' title='bbox 1171 518 1221 555; x_wconf 73' lang='grc' dir='ltr'>ἔτι</span> <span class='ocrx_word' id='word_1_25' title='bbox 1241 521 1388 567; x_wconf 79' lang='grc' dir='ltr'><em>μᾶλλον</em></span> <span class='ocrx_word' id='word_1_26' title='bbox 1407 517 1563 563; x_wconf 80' lang='grc' dir='ltr'><em>εἰκότως</em></span> <span class='ocrx_word' id='word_1_27' title='bbox 1597 517 1914 568; x_wconf 79' lang='grc' dir='ltr'><em>ἐθορύβουν.</em></span> 
     </span>
     <span class='ocr_line' id='line_1_6' title="bbox 231 590 652 648; baseline 0 -14"><span class='ocrx_word' id='word_1_28' title='bbox 231 592 357 648; x_wconf 88' lang='lat' dir='ltr'><strong>Apol.</strong></span> <span class='ocrx_word' id='word_1_29' title='bbox 391 592 501 636; x_wconf 78' lang='lat' dir='ltr'>Plat.</span> <span class='ocrx_word' id='word_1_30' title='bbox 540 591 586 634; x_wconf 91' lang='grc'>17</span> <span class='ocrx_word' id='word_1_31' title='bbox 607 590 652 634; x_wconf 91' lang='lat' dir='ltr'>C.</span> 
     </span>
    </p>

    <p class='ocr_par' dir='ltr' id='par_1_5' title="bbox 230 667 1914 796">
     <span class='ocr_line' id='line_1_7' title="bbox 291 667 1914 720; baseline -0.002 -12"><span class='ocrx_word' id='word_1_32' title='bbox 291 669 359 708; x_wconf 82' lang='grc' dir='ltr'>ἐὰν</span> <span class='ocrx_word' id='word_1_33' title='bbox 407 669 473 708; x_wconf 82' lang='grc' dir='ltr'>διὰ</span> <span class='ocrx_word' id='word_1_34' title='bbox 518 676 596 707; x_wconf 79' lang='grc' dir='ltr'>τῶν</span> <span class='ocrx_word' id='word_1_35' title='bbox 638 669 770 707; x_wconf 80' lang='grc' dir='ltr'><em>αὐτῶν</em></span> <span class='ocrx_word' id='word_1_36' title='bbox 813 669 941 720; x_wconf 79' lang='grc' dir='ltr'><em>λόγων</em></span> <span class='ocrx_word' id='word_1_37' title='bbox 973 667 1142 718; x_wconf 80' lang='grc' dir='ltr'><em>ἀκυύητέ</em></span> <span class='ocrx_word' id='word_1_38' title='bbox 1179 685 1256 718; x_wconf 90' lang='grc' dir='ltr'>μου</span> <span class='ocrx_word' id='word_1_39' title='bbox 1289 667 1617 719; x_wconf 75' lang='grc' dir='ltr'><em>ἀπολογουμένου</em></span> <span class='ocrx_word' id='word_1_40' title='bbox 1649 702 1786 704; x_wconf 15' lang='grc' dir='ltr'>ζ-μᾼ,</span> <span class='ocrx_word' id='word_1_41' title='bbox 1819 667 1914 717; x_wconf 83' lang='grc' dir='ltr'><em>μήτε</em></span> 
     </span>
     <span class='ocr_line' id='line_1_8' title="bbox 230 742 1200 796; baseline -0.002 -13"><span class='ocrx_word' id='word_1_42' title='bbox 230 746 452 794; x_wconf 77' lang='grc' dir='ltr'><em>θαυμάζειν</em></span> <span class='ocrx_word' id='word_1_43' title='bbox 485 746 579 794; x_wconf 83' lang='grc' dir='ltr'><em>μήτε</em></span> <span class='ocrx_word' id='word_1_44' title='bbox 613 746 868 796; x_wconf 83' lang='grc' dir='ltr'><em>θορυβεῖν</em></span> <span class='ocrx_word' id='word_1_45' title='bbox 901 745 1042 783; x_wconf 82' lang='grc' dir='ltr'><em>τούτου</em></span> <span class='ocrx_word' id='word_1_46' title='bbox 1075 742 1200 782; x_wconf 74' lang='grc' dir='ltr'><em>ἕνεκα.</em></span> 
     </span>
    </p>

    <p class='ocr_par' dir='ltr' id='par_1_6' title="bbox 231 817 660 874">
     <span class='ocr_line' id='line_1_9' title="bbox 231 817 660 874; baseline 0 -13"><span class='ocrx_word' id='word_1_47' title='bbox 231 818 358 874; x_wconf 89' lang='lat' dir='ltr'>Apol.</span> <span class='ocrx_word' id='word_1_48' title='bbox 391 817 503 862; x_wconf 87' lang='lat' dir='ltr'>Plat.</span> <span class='ocrx_word' id='word_1_49' title='bbox 536 819 592 862; x_wconf 90' lang='grc'>20</span> <span class='ocrx_word' id='word_1_50' title='bbox 612 817 660 861; x_wconf 91' lang='grc' dir='ltr'>Ε.</span> 
     </span>
    </p>

    <p class='ocr_par' dir='ltr' id='par_1_7' title="bbox 229 890 1914 1022">
     <span class='ocr_line' id='line_1_10' title="bbox 290 890 1914 946; baseline -0.002 -12"><span class='ocrx_word' id='word_1_51' title='bbox 290 897 361 933; x_wconf 82' lang='grc' dir='ltr'>καί</span> <span class='ocrx_word' id='word_1_52' title='bbox 407 911 487 945; x_wconf 80' lang='grc' dir='ltr'><em>μοι,</em></span> <span class='ocrx_word' id='word_1_53' title='bbox 534 890 563 934; x_wconf 83' lang='grc' dir='ltr'><strong><em>ὦ</em></strong></span> <span class='ocrx_word' id='word_1_54' title='bbox 596 895 736 946; x_wconf 71' lang='grc' dir='ltr'><em>ἄνδρες</em></span> <span class='ocrx_word' id='word_1_55' title='bbox 770 898 989 944; x_wconf 82' lang='grc' dir='ltr'><em>Ἀθηναῖοι,</em></span> <span class='ocrx_word' id='word_1_56' title='bbox 1020 893 1072 944; x_wconf 79' lang='grc' dir='ltr'>μὴ</span> <span class='ocrx_word' id='word_1_57' title='bbox 1106 894 1475 944; x_wconf 73' lang='grc' dir='ltr'><em>θορυβήσητε,</em></span> <span class='ocrx_word' id='word_1_58' title='bbox 1507 890 1598 943; x_wconf 77' lang='grc' dir='ltr'>μηδ’</span> <span class='ocrx_word' id='word_1_59' title='bbox 1638 891 1709 931; x_wconf 81' lang='grc' dir='ltr'>ἐὰν</span> <span class='ocrx_word' id='word_1_60' title='bbox 1745 892 1846 938; x_wconf 80' lang='grc' dir='ltr'><em>δόξω</em></span> <span class='ocrx_word' id='word_1_61' title='bbox 1880 907 1914 930; x_wconf 86' lang='grc' dir='ltr'>τι</span> 
     </span>
     <span class='ocr_line' id='line_1_11' title="bbox 229 969 623 1022; baseline -0.003 -13"><span class='ocrx_word' id='word_1_62' title='bbox 229 970 323 1020; x_wconf 82' lang='grc' dir='ltr'><em>ὑμῖν</em></span> <span class='ocrx_word' id='word_1_63' title='bbox 354 970 451 1022; x_wconf 83' lang='grc' dir='ltr'><em>μέγα</em></span> <span class='ocrx_word' id='word_1_64' title='bbox 484 969 623 1022; x_wconf 80' lang='grc' dir='ltr'><em>λέγειν.</em></span> 
     </span>
    </p>

    <p class='ocr_par' dir='ltr' id='par_1_8' title="bbox 288 1041 1348 1100">
     <span class='ocr_line' id='line_1_12' title="bbox 288 1041 1348 1100; baseline -0.001 -14"><span class='ocrx_word' id='word_1_65' title='bbox 288 1044 404 1087; x_wconf 83' lang='lat' dir='ltr'><strong>Idem</strong></span> <span class='ocrx_word' id='word_1_66' title='bbox 440 1044 620 1087; x_wconf 88' lang='lat' dir='ltr'>verbum</span> <span class='ocrx_word' id='word_1_67' title='bbox 654 1048 880 1100; x_wconf 84' lang='lat' dir='ltr'>praeterea</span> <span class='ocrx_word' id='word_1_68' title='bbox 911 1044 959 1086; x_wconf 84' lang='grc'>21</span> <span class='ocrx_word' id='word_1_69' title='bbox 985 1043 1038 1092; x_wconf 87' lang='lat' dir='ltr'>A,</span> <span class='ocrx_word' id='word_1_70' title='bbox 1071 1043 1125 1086; x_wconf 90' lang='grc'>27</span> <span class='ocrx_word' id='word_1_71' title='bbox 1148 1042 1195 1092; x_wconf 85' lang='grc' dir='ltr'>Β,</span> <span class='ocrx_word' id='word_1_72' title='bbox 1228 1044 1284 1086; x_wconf 85' lang='grc'>30</span> <span class='ocrx_word' id='word_1_73' title='bbox 1303 1041 1348 1085; x_wconf 91' lang='lat' dir='ltr'>C.</span> 
     </span>
    </p>

    <p class='ocr_par' dir='ltr' id='par_1_9' title="bbox 228 1116 1912 1328">
     <span class='ocr_line' id='line_1_13' title="bbox 287 1116 1912 1173; baseline -0.002 -11"><span class='ocrx_word' id='word_1_74' title='bbox 287 1120 499 1162; x_wconf 85' lang='lat' dir='ltr'>Iracunde</span> <span class='ocrx_word' id='word_1_75' title='bbox 545 1125 692 1162; x_wconf 78' lang='lat' dir='ltr'>autem</span> <span class='ocrx_word' id='word_1_76' title='bbox 739 1120 895 1162; x_wconf 77' lang='lat' dir='ltr'>tulisse</span> <span class='ocrx_word' id='word_1_77' title='bbox 943 1119 1122 1168; x_wconf 91' lang='lat' dir='ltr'>iudices,</span> <span class='ocrx_word' id='word_1_78' title='bbox 1166 1117 1457 1161; x_wconf 70' lang='lat' dir='ltr'>tumultuatos</span> <span class='ocrx_word' id='word_1_79' title='bbox 1489 1133 1601 1166; x_wconf 81' lang='lat' dir='ltr'>esse,</span> <span class='ocrx_word' id='word_1_80' title='bbox 1634 1117 1748 1173; x_wconf 88' lang='lat' dir='ltr'>quod</span> <span class='ocrx_word' id='word_1_81' title='bbox 1782 1116 1912 1160; x_wconf 88' lang='lat' dir='ltr'>talem</span> 
     </span>
     <span class='ocr_line' id='line_1_14' title="bbox 228 1192 1912 1249; baseline -0.001 -13"><span class='ocrx_word' id='word_1_82' title='bbox 228 1196 470 1238; x_wconf 87' lang='lat' dir='ltr'>orationem</span> <span class='ocrx_word' id='word_1_83' title='bbox 520 1195 681 1238; x_wconf 88' lang='lat' dir='ltr'>habere</span> <span class='ocrx_word' id='word_1_84' title='bbox 729 1194 934 1238; x_wconf 86' lang='lat' dir='ltr'>Socrates</span> <span class='ocrx_word' id='word_1_85' title='bbox 977 1195 1169 1242; x_wconf 85' lang='lat' dir='ltr'>auderet,</span> <span class='ocrx_word' id='word_1_86' title='bbox 1204 1193 1346 1249; x_wconf 79' lang='lat' dir='ltr'>magis</span> <span class='ocrx_word' id='word_1_87' title='bbox 1375 1192 1580 1236; x_wconf 85' lang='lat' dir='ltr'>convenit</span> <span class='ocrx_word' id='word_1_88' title='bbox 1613 1192 1654 1235; x_wconf 85' lang='lat' dir='ltr'>in</span> <span class='ocrx_word' id='word_1_89' title='bbox 1688 1192 1912 1236; x_wconf 79' lang='lat' dir='ltr'>Socratem</span> 
     </span>
     <span class='ocr_line' id='line_1_15' title="bbox 228 1269 1437 1328; baseline -0.002 -14"><span class='ocrx_word' id='word_1_90' title='bbox 228 1271 602 1328; x_wconf 85' lang='lat' dir='ltr'>Xenophonteum</span> <span class='ocrx_word' id='word_1_91' title='bbox 636 1286 769 1328; x_wconf 91' lang='lat' dir='ltr'>quam</span> <span class='ocrx_word' id='word_1_92' title='bbox 806 1270 848 1313; x_wconf 93' lang='lat' dir='ltr'>in</span> <span class='ocrx_word' id='word_1_93' title='bbox 883 1271 1110 1314; x_wconf 86' lang='lat' dir='ltr'>Socratem</span> <span class='ocrx_word' id='word_1_94' title='bbox 1144 1269 1437 1313; x_wconf 85' lang='lat' dir='ltr'>Platonicum.</span> 
     </span>
    </p>

    <p class='ocr_par' dir='ltr' id='par_1_10' title="bbox 225 1342 1914 1542">
     <span class='ocr_line' id='line_1_16' title="bbox 285 1342 1912 1403; baseline -0.002 -14"><span class='ocrx_word' id='word_1_95' title='bbox 285 1346 333 1389; x_wconf 88' lang='lat' dir='ltr'>In</span> <span class='ocrx_word' id='word_1_96' title='bbox 369 1347 497 1403; x_wconf 85' lang='lat' dir='ltr'>Apol.</span> <span class='ocrx_word' id='word_1_97' title='bbox 527 1346 633 1389; x_wconf 81' lang='lat' dir='ltr'>Plat.</span> <span class='ocrx_word' id='word_1_98' title='bbox 667 1346 817 1390; x_wconf 85' lang='lat' dir='ltr'>statim</span> <span class='ocrx_word' id='word_1_99' title='bbox 849 1346 1066 1403; x_wconf 77' lang='lat' dir='ltr'>displicet,</span> <span class='ocrx_word' id='word_1_100' title='bbox 1101 1345 1217 1402; x_wconf 91' lang='lat' dir='ltr'>quod</span> <span class='ocrx_word' id='word_1_101' title='bbox 1250 1351 1446 1387; x_wconf 82' lang='lat' dir='ltr'>oratores</span> <span class='ocrx_word' id='word_1_102' title='bbox 1480 1342 1676 1386; x_wconf 81' lang='lat' dir='ltr'><strong>imitatur</strong></span> <span class='ocrx_word' id='word_1_103' title='bbox 1707 1343 1912 1386; x_wconf 81' lang='lat' dir='ltr'>Socrates</span> 
     </span>
     <span class='ocr_line' id='line_1_17' title="bbox 225 1418 1914 1478; baseline -0.003 -13"><span class='ocrx_word' id='word_1_104' title='bbox 225 1422 296 1475; x_wconf 74' lang='lat' dir='ltr'>(cf.</span> <span class='ocrx_word' id='word_1_105' title='bbox 337 1422 470 1466; x_wconf 84' lang='lat' dir='ltr'>Isocr.</span> <span class='ocrx_word' id='word_1_106' title='bbox 508 1423 573 1467; x_wconf 85' lang='lat'>15.</span> <span class='ocrx_word' id='word_1_107' title='bbox 607 1422 706 1471; x_wconf 87' lang='grc'><strong>272,</strong></span> <span class='ocrx_word' id='word_1_108' title='bbox 754 1422 937 1478; x_wconf 84' lang='lat' dir='ltr'>Lyeurg.</span> <span class='ocrx_word' id='word_1_109' title='bbox 976 1422 1016 1465; x_wconf 90' lang='grc'>2.</span> <span class='ocrx_word' id='word_1_110' title='bbox 1050 1422 1120 1471; x_wconf 81' lang='grc'>52,</span> <span class='ocrx_word' id='word_1_111' title='bbox 1158 1422 1278 1464; x_wconf 86' lang='lat' dir='ltr'>Dem.</span> <span class='ocrx_word' id='word_1_112' title='bbox 1313 1421 1384 1463; x_wconf 82' lang='lat'>57.</span> <span class='ocrx_word' id='word_1_113' title='bbox 1426 1419 1597 1470; x_wconf 88' lang='lat' dir='ltr'>l).Non</span> <span class='ocrx_word' id='word_1_114' title='bbox 1631 1434 1733 1474; x_wconf 86' lang='lat' dir='ltr'>ergo</span> <span class='ocrx_word' id='word_1_115' title='bbox 1752 1418 1914 1473; x_wconf 79' lang='lat' dir='ltr'>hospes</span> 
     </span>
     <span class='ocr_line' id='line_1_18' title="bbox 228 1498 902 1542; baseline -0.001 0"><span class='ocrx_word' id='word_1_116' title='bbox 228 1502 293 1542; x_wconf 79' lang='lat' dir='ltr'>est</span> <span class='ocrx_word' id='word_1_117' title='bbox 326 1498 367 1540; x_wconf 96' lang='lat' dir='ltr'>in</span> <span class='ocrx_word' id='word_1_118' title='bbox 403 1514 446 1541; x_wconf 88' lang='lat' dir='ltr'>re</span> <span class='ocrx_word' id='word_1_119' title='bbox 478 1498 731 1542; x_wconf 81' lang='lat' dir='ltr'>iudiciaria!</span> <span class='ocrx_word' id='word_1_120' title='bbox 900 1507 902 1509; x_wconf 76' lang='grc'><strong><em>’</em></strong></span> 
     </span>
    </p>

    <p class='ocr_par' dir='ltr' id='par_1_11' title="bbox 227 1568 1914 1693">
     <span class='ocr_line' id='line_1_19' title="bbox 286 1568 1914 1630; baseline -0.004 -13"><span class='ocrx_word' id='word_1_121' title='bbox 286 1573 441 1630; x_wconf 84' lang='lat' dir='ltr'>Neque</span> <span class='ocrx_word' id='word_1_122' title='bbox 486 1574 659 1617; x_wconf 86' lang='lat' dir='ltr'>Platoni</span> <span class='ocrx_word' id='word_1_123' title='bbox 706 1574 880 1617; x_wconf 88' lang='lat' dir='ltr'>credere</span> <span class='ocrx_word' id='word_1_124' title='bbox 929 1588 1180 1630; x_wconf 85' lang='lat' dir='ltr'>possumus,</span> <span class='ocrx_word' id='word_1_125' title='bbox 1229 1571 1302 1629; x_wconf 84' lang='lat' dir='ltr'>qui</span> <span class='ocrx_word' id='word_1_126' title='bbox 1337 1571 1561 1615; x_wconf 87' lang='lat' dir='ltr'>Socratem</span> <span class='ocrx_word' id='word_1_127' title='bbox 1606 1569 1767 1613; x_wconf 79' lang='lat' dir='ltr'>inducit</span> <span class='ocrx_word' id='word_1_128' title='bbox 1806 1568 1914 1612; x_wconf 81' lang='lat' dir='ltr'>talia</span> 
     </span>
     <span class='ocr_line' id='line_1_20' title="bbox 227 1649 456 1693; baseline -0.004 -1"><span class='ocrx_word' id='word_1_129' title='bbox 227 1649 456 1693; x_wconf 74' lang='lat' dir='ltr'>dicentem.</span> 
     </span>
    </p>

    <p class='ocr_par' dir='ltr' id='par_1_12' title="bbox 285 1722 1466 1780">
     <span class='ocr_line' id='line_1_21' title="bbox 285 1722 1466 1780; baseline -0.002 -13"><span class='ocrx_word' id='word_1_130' title='bbox 285 1724 490 1767; x_wconf 85' lang='lat' dir='ltr'>Socrates</span> <span class='ocrx_word' id='word_1_131' title='bbox 523 1723 636 1767; x_wconf 83' lang='lat' dir='ltr'>Xen.</span> <span class='ocrx_word' id='word_1_132' title='bbox 672 1723 836 1767; x_wconf 86' lang='lat' dir='ltr'>iudices</span> <span class='ocrx_word' id='word_1_133' title='bbox 869 1723 984 1767; x_wconf 87' lang='lat' dir='ltr'>infra</span> <span class='ocrx_word' id='word_1_134' title='bbox 1015 1739 1062 1767; x_wconf 90' lang='lat' dir='ltr'>se</span> <span class='ocrx_word' id='word_1_135' title='bbox 1094 1728 1248 1780; x_wconf 86' lang='lat' dir='ltr'>putare</span> <span class='ocrx_word' id='word_1_136' title='bbox 1284 1722 1466 1766; x_wconf 87' lang='lat' dir='ltr'>videtur.</span> 
     </span>
    </p>

    <p class='ocr_par' dir='ltr' id='par_1_13' title="bbox 226 1796 1913 1932">
     <span class='ocr_line' id='line_1_22' title="bbox 286 1796 1913 1856; baseline -0.003 -12"><span class='ocrx_word' id='word_1_137' title='bbox 286 1800 491 1844; x_wconf 75' lang='lat' dir='ltr'>Socrates</span> <span class='ocrx_word' id='word_1_138' title='bbox 524 1800 636 1843; x_wconf 86' lang='lat' dir='ltr'>Plat.</span> <span class='ocrx_word' id='word_1_139' title='bbox 670 1800 832 1842; x_wconf 80' lang='lat' dir='ltr'>crimen</span> <span class='ocrx_word' id='word_1_140' title='bbox 867 1806 906 1843; x_wconf 90' lang='lat' dir='ltr'>et</span> <span class='ocrx_word' id='word_1_141' title='bbox 939 1799 1111 1856; x_wconf 88' lang='lat' dir='ltr'>culpam</span> <span class='ocrx_word' id='word_1_142' title='bbox 1145 1798 1187 1841; x_wconf 94' lang='lat' dir='ltr'>in</span> <span class='ocrx_word' id='word_1_143' title='bbox 1223 1798 1464 1846; x_wconf 89' lang='lat' dir='ltr'>oraculum,</span> <span class='ocrx_word' id='word_1_144' title='bbox 1496 1797 1539 1840; x_wconf 92' lang='lat' dir='ltr'>in</span> <span class='ocrx_word' id='word_1_145' title='bbox 1569 1797 1697 1841; x_wconf 92' lang='lat' dir='ltr'>deum</span> <span class='ocrx_word' id='word_1_146' title='bbox 1716 1796 1913 1840; x_wconf 88' lang='lat' dir='ltr'>derivare</span> 
     </span>
     <span class='ocr_line' id='line_1_23' title="bbox 226 1875 1329 1932; baseline -0.001 -13"><span class='ocrx_word' id='word_1_147' title='bbox 226 1881 410 1920; x_wconf 85' lang='lat' dir='ltr'>conatur</span> <span class='ocrx_word' id='word_1_148' title='bbox 441 1882 482 1919; x_wconf 89' lang='lat' dir='ltr'>et</span> <span class='ocrx_word' id='word_1_149' title='bbox 515 1876 623 1919; x_wconf 84' lang='lat' dir='ltr'>satis</span> <span class='ocrx_word' id='word_1_150' title='bbox 655 1875 844 1918; x_wconf 87' lang='lat' dir='ltr'>demisse</span> <span class='ocrx_word' id='word_1_151' title='bbox 877 1875 1044 1919; x_wconf 88' lang='lat' dir='ltr'>iudices</span> <span class='ocrx_word' id='word_1_152' title='bbox 1077 1875 1329 1932; x_wconf 76' lang='lat' dir='ltr'>alloquitur.</span> 
     </span>
    </p>

    <p class='ocr_par' dir='ltr' id='par_1_14' title="bbox 229 1948 1911 2084">
     <span class='ocr_line' id='line_1_24' title="bbox 285 1948 1911 2008; baseline -0.002 -14"><span class='ocrx_word' id='word_1_153' title='bbox 285 1952 534 2008; x_wconf 82' lang='lat' dir='ltr'>Xenophon</span> <span class='ocrx_word' id='word_1_154' title='bbox 591 1951 722 1994; x_wconf 84' lang='lat' dir='ltr'>tradit</span> <span class='ocrx_word' id='word_1_155' title='bbox 778 1950 943 2005; x_wconf 82' lang='lat' dir='ltr'>iudices</span> <span class='ocrx_word' id='word_1_156' title='bbox 1001 1950 1272 1999; x_wconf 87' lang='lat' dir='ltr'>tumultuari,</span> <span class='ocrx_word' id='word_1_157' title='bbox 1325 1949 1459 1993; x_wconf 92' lang='lat' dir='ltr'>immo</span> <span class='ocrx_word' id='word_1_158' title='bbox 1509 1964 1610 1992; x_wconf 90' lang='lat' dir='ltr'>vero</span> <span class='ocrx_word' id='word_1_159' title='bbox 1657 1964 1684 1992; x_wconf 89' lang='lat' dir='ltr'>a</span> <span class='ocrx_word' id='word_1_160' title='bbox 1731 1948 1911 1992; x_wconf 88' lang='lat' dir='ltr'>Socrate</span> 
     </span>
     <span class='ocr_line' id='line_1_25' title="bbox 229 2027 1144 2084; baseline 0 -15"><span class='ocrx_word' id='word_1_161' title='bbox 229 2028 510 2071; x_wconf 76' lang='lat' dir='ltr'>veliementer</span> <span class='ocrx_word' id='word_1_162' title='bbox 541 2027 792 2071; x_wconf 86' lang='lat' dir='ltr'>exacerbari</span> <span class='ocrx_word' id='word_1_163' title='bbox 824 2027 878 2070; x_wconf 86' lang='lat' dir='ltr'>cf.</span> <span class='ocrx_word' id='word_1_164' title='bbox 910 2027 1039 2084; x_wconf 90' lang='lat' dir='ltr'>Apol.</span> <span class='ocrx_word' id='word_1_165' title='bbox 1076 2027 1144 2069; x_wconf 85' lang='lat'>14.</span> 
     </span>
    </p>

    <p class='ocr_par' dir='ltr' id='par_1_15' title="bbox 278 2102 1914 2156">
     <span class='ocr_line' id='line_1_26' title="bbox 278 2102 1914 2156; baseline -0.003 -13"><span class='ocrx_word' id='word_1_166' title='bbox 278 2104 365 2156; x_wconf 78' lang='grc' dir='ltr'>’Ἁγε</span> <span class='ocrx_word' id='word_1_167' title='bbox 397 2104 446 2155; x_wconf 77' lang='grc' dir='ltr'>δὴ</span> <span class='ocrx_word' id='word_1_168' title='bbox 478 2105 672 2144; x_wconf 74' lang='grc' dir='ltr'><em>ἀκούσατε</em></span> <span class='ocrx_word' id='word_1_169' title='bbox 704 2104 770 2143; x_wconf 80' lang='grc' dir='ltr'>καὶ</span> <span class='ocrx_word' id='word_1_170' title='bbox 800 2105 897 2143; x_wconf 73' lang='grc' dir='ltr'><em>ἄλλα</em></span> <span class='ocrx_word' id='word_1_171' title='bbox 932 2105 998 2143; x_wconf 85' lang='grc' dir='ltr'>ἴνα</span> <span class='ocrx_word' id='word_1_172' title='bbox 1031 2105 1085 2143; x_wconf 79' lang='grc' dir='ltr'>ἔτι</span> <span class='ocrx_word' id='word_1_173' title='bbox 1117 2108 1265 2153; x_wconf 74' lang='grc' dir='ltr'><em>μᾶλλον</em></span> <span class='ocrx_word' id='word_1_174' title='bbox 1297 2104 1339 2142; x_wconf 83' lang='grc' dir='ltr'>οἵ</span> <span class='ocrx_word' id='word_1_175' title='bbox 1366 2104 1606 2154; x_wconf 80' lang='grc' dir='ltr'><em>βουλόμενοι</em></span> <span class='ocrx_word' id='word_1_176' title='bbox 1639 2102 1752 2150; x_wconf 83' lang='grc' dir='ltr'><em>ὑμῶν</em></span> <span class='ocrx_word' id='word_1_177' title='bbox 1784 2118 1818 2139; x_wconf 78' lang='grc' dir='ltr'>κ.</span> <span class='ocrx_word' id='word_1_178' title='bbox 1836 2116 1865 2139; x_wconf 84' lang='grc' dir='ltr'>τ.</span> <span class='ocrx_word' id='word_1_179' title='bbox 1882 2103 1914 2138; x_wconf 87' lang='grc' dir='ltr'>λ.</span> 
     </span>
    </p>
   </div>
   <div class='ocr_carea' id='block_1_4' title="bbox 286 2174 1914 2232">
    <p class='ocr_par' dir='ltr' id='par_1_16' title="bbox 286 2174 1914 2232">
     <span class='ocr_line' id='line_1_27' title="bbox 286 2174 1914 2232; baseline -0.003 -10"><span class='ocrx_word' id='word_1_180' title='bbox 286 2179 411 2222; x_wconf 86' lang='lat' dir='ltr'>Plato</span> <span class='ocrx_word' id='word_1_181' title='bbox 459 2179 684 2222; x_wconf 77' lang='lat' dir='ltr'>Socratem</span> <span class='ocrx_word' id='word_1_182' title='bbox 733 2178 969 2222; x_wconf 87' lang='lat' dir='ltr'>identidem</span> <span class='ocrx_word' id='word_1_183' title='bbox 1021 2177 1122 2221; x_wconf 84' lang='lat' dir='ltr'>facit</span> <span class='ocrx_word' id='word_1_184' title='bbox 1169 2182 1366 2221; x_wconf 86' lang='lat' dir='ltr'>orantem</span> <span class='ocrx_word' id='word_1_185' title='bbox 1413 2180 1454 2219; x_wconf 86' lang='lat' dir='ltr'>et</span> <span class='ocrx_word' id='word_1_186' title='bbox 1487 2180 1713 2232; x_wconf 79' lang='lat' dir='ltr'>rogantem</span> <span class='ocrx_word' id='word_1_187' title='bbox 1749 2174 1914 2218; x_wconf 88' lang='lat' dir='ltr'>urbane</span> 
     </span>
    </p>
   </div>
   <div class='ocr_carea' id='block_1_5' title="bbox 227 2251 1978 2298">
    <p class='ocr_par' dir='ltr' id='par_1_17' title="bbox 227 2251 1978 2298">
     <span class='ocr_line' id='line_1_28' title="bbox 227 2251 1978 2298; baseline -0.003 0"><span class='ocrx_word' id='word_1_188' title='bbox 227 2255 465 2298; x_wconf 86' lang='lat' dir='ltr'>admodum</span> <span class='ocrx_word' id='word_1_189' title='bbox 500 2260 541 2297; x_wconf 85' lang='lat' dir='ltr'>et</span> <span class='ocrx_word' id='word_1_190' title='bbox 573 2254 761 2298; x_wconf 78' lang='lat' dir='ltr'>demisse</span> <span class='ocrx_word' id='word_1_191' title='bbox 795 2254 957 2297; x_wconf 82' lang='lat' dir='ltr'>iudices</span> <span class='ocrx_word' id='word_1_192' title='bbox 986 2253 1639 2297; x_wconf 84' lang='lat' dir='ltr'>neirascanturcausidicorum</span> <span class='ocrx_word' id='word_1_193' title='bbox 1659 2251 1700 2294; x_wconf 87' lang='lat' dir='ltr'>in</span> <span class='ocrx_word' id='word_1_194' title='bbox 1720 2251 1911 2294; x_wconf 85' lang='lat' dir='ltr'>modurn.</span> <span class='ocrx_word' id='word_1_195' title='bbox 1975 2289 1978 2292; x_wconf 81' lang='lat'>.</span> 
     </span>
    </p>
   </div>
   <div class='ocr_carea' id='block_1_6' title="bbox 288 2480 1133 2537">
    <p class='ocr_par' dir='ltr' id='par_1_18' title="bbox 288 2480 1133 2537">
     <span class='ocr_line' id='line_1_29' title="bbox 288 2480 1133 2537; baseline -0.005 -13"><span class='ocrx_word' id='word_1_196' title='bbox 288 2483 330 2534; x_wconf 88' lang='grc'>3)</span> <span class='ocrx_word' id='word_1_197' title='bbox 364 2482 426 2524; x_wconf 85' lang='lat' dir='ltr'>De</span> <span class='ocrx_word' id='word_1_198' title='bbox 460 2480 594 2523; x_wconf 73' lang='lat' dir='ltr'>verbo</span> <span class='ocrx_word' id='word_1_199' title='bbox 627 2480 742 2537; x_wconf 90' lang='lat' dir='ltr'>quod</span> <span class='ocrx_word' id='word_1_200' title='bbox 775 2484 841 2523; x_wconf 82' lang='lat' dir='ltr'>est</span> <span class='ocrx_word' id='word_1_201' title='bbox 868 2482 1133 2521; x_wconf 81' lang='grc' dir='ltr'><em>κινδυνεύειν.</em></span> 
     </span>
    </p>
   </div>
   <div class='ocr_carea' id='block_1_7' title="bbox 227 2628 1914 2990">
    <p class='ocr_par' dir='ltr' id='par_1_19' title="bbox 227 2628 1914 2990">
     <span class='ocr_line' id='line_1_30' title="bbox 287 2628 1912 2679; baseline -0.002 -4"><span class='ocrx_word' id='word_1_202' title='bbox 287 2632 482 2675; x_wconf 89' lang='lat' dir='ltr'>Verbum</span> <span class='ocrx_word' id='word_1_203' title='bbox 528 2635 782 2673; x_wconf 79' lang='grc' dir='ltr'><em>κινδυνεύειν</em></span> <span class='ocrx_word' id='word_1_204' title='bbox 828 2647 914 2674; x_wconf 92' lang='lat' dir='ltr'>non</span> <span class='ocrx_word' id='word_1_205' title='bbox 964 2637 1056 2675; x_wconf 90' lang='lat' dir='ltr'>erat</span> <span class='ocrx_word' id='word_1_206' title='bbox 1104 2636 1273 2675; x_wconf 87' lang='lat' dir='ltr'>tantum</span> <span class='ocrx_word' id='word_1_207' title='bbox 1322 2629 1484 2674; x_wconf 88' lang='lat' dir='ltr'>locutio</span> <span class='ocrx_word' id='word_1_208' title='bbox 1517 2629 1728 2679; x_wconf 87' lang='lat' dir='ltr'>Socratis,</span> <span class='ocrx_word' id='word_1_209' title='bbox 1762 2629 1839 2672; x_wconf 91' lang='lat' dir='ltr'>sed</span> <span class='ocrx_word' id='word_1_210' title='bbox 1871 2628 1912 2672; x_wconf 91' lang='lat' dir='ltr'>in</span> 
     </span>
     <span class='ocr_line' id='line_1_31' title="bbox 227 2704 1914 2762; baseline -0.002 -12"><span class='ocrx_word' id='word_1_211' title='bbox 227 2707 485 2750; x_wconf 83' lang='lat' dir='ltr'>universum</span> <span class='ocrx_word' id='word_1_212' title='bbox 530 2707 869 2751; x_wconf 85' lang='lat' dir='ltr'>usitatissimum</span> <span class='ocrx_word' id='word_1_213' title='bbox 918 2706 1169 2750; x_wconf 83' lang='lat' dir='ltr'>Socraticis.</span> <span class='ocrx_word' id='word_1_214' title='bbox 1216 2705 1436 2762; x_wconf 81' lang='lat' dir='ltr'>Imprimis</span> <span class='ocrx_word' id='word_1_215' title='bbox 1483 2709 1629 2748; x_wconf 88' lang='lat' dir='ltr'>autem</span> <span class='ocrx_word' id='word_1_216' title='bbox 1663 2704 1839 2747; x_wconf 88' lang='lat' dir='ltr'>Platoni</span> <span class='ocrx_word' id='word_1_217' title='bbox 1870 2704 1914 2747; x_wconf 92' lang='lat' dir='ltr'>in</span> 
     </span>
     <span class='ocr_line' id='line_1_32' title="bbox 227 2780 1911 2837; baseline -0.002 -11"><span class='ocrx_word' id='word_1_218' title='bbox 227 2782 393 2826; x_wconf 88' lang='lat' dir='ltr'>deliciis</span> <span class='ocrx_word' id='word_1_219' title='bbox 425 2788 530 2832; x_wconf 86' lang='lat' dir='ltr'>erat,</span> <span class='ocrx_word' id='word_1_220' title='bbox 565 2783 733 2826; x_wconf 92' lang='lat' dir='ltr'>homini</span> <span class='ocrx_word' id='word_1_221' title='bbox 761 2784 957 2826; x_wconf 86' lang='lat' dir='ltr'>moribus</span> <span class='ocrx_word' id='word_1_222' title='bbox 986 2782 1165 2826; x_wconf 88' lang='lat' dir='ltr'>urbanis</span> <span class='ocrx_word' id='word_1_223' title='bbox 1195 2787 1236 2825; x_wconf 82' lang='lat' dir='ltr'>et</span> <span class='ocrx_word' id='word_1_224' title='bbox 1253 2781 1529 2830; x_wconf 78' lang='lat' dir='ltr'>academiciS.</span> <span class='ocrx_word' id='word_1_225' title='bbox 1549 2780 1673 2824; x_wconf 83' lang='lat' dir='ltr'>cuius</span> <span class='ocrx_word' id='word_1_226' title='bbox 1693 2780 1911 2837; x_wconf 88' lang='lat' dir='ltr'>proprium</span> 
     </span>
     <span class='ocr_line' id='line_1_33' title="bbox 227 2855 1913 2916; baseline -0.002 -15"><span class='ocrx_word' id='word_1_227' title='bbox 227 2864 318 2902; x_wconf 87' lang='lat' dir='ltr'>erat</span> <span class='ocrx_word' id='word_1_228' title='bbox 358 2858 520 2901; x_wconf 91' lang='lat' dir='ltr'>ironice</span> <span class='ocrx_word' id='word_1_229' title='bbox 551 2858 684 2916; x_wconf 85' lang='lat' dir='ltr'>loqui,</span> <span class='ocrx_word' id='word_1_230' title='bbox 720 2864 949 2915; x_wconf 86' lang='lat' dir='ltr'>propterea</span> <span class='ocrx_word' id='word_1_231' title='bbox 981 2858 1169 2901; x_wconf 80' lang='lat' dir='ltr'>fortasse</span> <span class='ocrx_word' id='word_1_232' title='bbox 1202 2858 1316 2914; x_wconf 82' lang='lat' dir='ltr'>quod</span> <span class='ocrx_word' id='word_1_233' title='bbox 1350 2857 1588 2913; x_wconf 74' lang='lat' dir='ltr'>superioris</span> <span class='ocrx_word' id='word_1_234' title='bbox 1627 2855 1786 2899; x_wconf 88' lang='lat' dir='ltr'>mentis</span> <span class='ocrx_word' id='word_1_235' title='bbox 1818 2870 1913 2898; x_wconf 88' lang='lat' dir='ltr'>esse</span> 
     </span>
     <span class='ocr_line' id='line_1_34' title="bbox 227 2929 1913 2990; baseline -0.002 -13"><span class='ocrx_word' id='word_1_236' title='bbox 227 2934 410 2990; x_wconf 82' lang='lat' dir='ltr'>putabat</span> <span class='ocrx_word' id='word_1_237' title='bbox 457 2939 497 2976; x_wconf 88' lang='lat' dir='ltr'>et</span> <span class='ocrx_word' id='word_1_238' title='bbox 545 2934 761 2976; x_wconf 77' lang='lat' dir='ltr'>sermonis</span> <span class='ocrx_word' id='word_1_239' title='bbox 809 2933 1102 2988; x_wconf 80' lang='lat' dir='ltr'>elegantioris.</span> <span class='ocrx_word' id='word_1_240' title='bbox 1154 2934 1247 2975; x_wconf 85' lang='lat' dir='ltr'>Hoc</span> <span class='ocrx_word' id='word_1_241' title='bbox 1297 2933 1394 2975; x_wconf 86' lang='lat' dir='ltr'>inde</span> <span class='ocrx_word' id='word_1_242' title='bbox 1437 2937 1617 2990; x_wconf 75' lang='lat' dir='ltr'>apparet</span> <span class='ocrx_word' id='word_1_243' title='bbox 1650 2931 1765 2988; x_wconf 90' lang='lat' dir='ltr'>quod</span> <span class='ocrx_word' id='word_1_244' title='bbox 1798 2929 1913 2987; x_wconf 88' lang='lat' dir='ltr'>apud</span> 
     </span>
    </p>
   </div>
  </div>
 </body>
</html>
