2019 3299
1085 169 1141 213 60

267 292 523 347 praebuisse
556 292 904 338 accusatoribus.
938 307 1097 349 operae
1136 292 1322 349 pretium
1356 292 1546 335 fortasse
1580 295 1643 334 est
1676 289 1955 334 considerare

266 367 485 423 quomodo
527 366 691 423 Taylor
732 367 915 411 alteram
961 373 1129 424 partem
1168 376 1234 420 τῆς
1276 368 1458 420 ἀσεβείας
1489 374 1645 420 γραφῆς
1679 363 1953 422 interpretari

267 446 461 485 conetur.
1273 456 1276 458 ·

328 517 431 560 Var.
465 518 585 560 Socr.
619 533 716 574 pag.
756 518 808 560 18
840 518 1006 574 Taylor
1046 518 1267 561 contendit
1316 517 1543 561 Socratem
1576 517 1733 560 intima
1764 514 1958 559 amicitia

267 593 545 636 coniunctum
590 592 728 635 fuisse
770 609 867 636 cum
914 593 1202 649 Pythagoreis
1243 592 1422 649 (closely
1462 592 1699 635 connected
1732 591 1774 634 in
1808 606 1835 634 a
1866 595 1956 634 sort

268 668 316 710 of
353 668 517 725 society
562 669 665 711 witli
712 669 1017 725 Pythagorean
1059 668 1333 725 foreigne1·s)‚
1369 667 1606 725 principem
1640 666 1837 710 sodalicii
1868 667 1957 720 (the

266 744 430 786 central
470 744 607 800 figure
649 744 697 787 of
726 744 992 787 likeminded
1027 744 1241 800 persons).
1276 744 1339 786 Ex
1373 743 1609 786 Phaedone
1642 747 1958 786 enumerantur

267 819 492 868 Simmias,
550 819 703 868 Cebes,
761 825 972 876 tanquam
1029 819 1232 875 discipuli
1291 818 1496 872 Philolai,
1554 818 1709 861 deinde
1765 818 1956 866 Phaed0‚

268 895 481 945 Euclides,
526 894 755 952 Terpsion,
800 910 886 937 non
929 895 1061 938 alieni
1094 910 1120 938 a
1153 894 1351 938 doctrina
1382 894 1778 950 Pythagoreorum.
1814 893 1956 944 Quam

266 976 466 1014 accurate
498 986 587 1013 rem
621 970 914 1026 exploraverit
946 985 997 1013 ex
1030 970 1137 1013 locis
1171 970 1459 1027 sequentibus
1492 968 1732 1025 apparebit.

328 1047 506 1090 Pliaedo
548 1048 598 1089 61
625 1047 673 1089 D.
710 1051 891 1089 mortem
927 1046 1010 1089 sibi
1049 1046 1319 1089 consciscere
1357 1046 1427 1102 pio
1460 1045 1624 1089 homini
1658 1044 1727 1088 fas
1759 1059 1845 1087 non
1879 1048 1958 1093 est,

268 1123 376 1166 mori
419 1128 566 1166 autem
608 1122 740 1179 cupit.
786 1127 906 1177 7,Πῶς
949 1131 1063 1163 τοῦτο
1107 1122 1273 1177 λέγεις”,
1305 1122 1445 1165 Cebes
1478 1126 1628 1177 rogat;
1663 1120 1818 1163 deinde
1852 1120 1960 1163 haec

254 1203 532 1255 sequuntur:
573 1198 644 1238 ‘Ta'
688 1199 743 1247 δέ,
791 1195 819 1238 ὦ
868 1199 1022 1251 Κέβης;
1066 1199 1140 1238 οὐκ
1182 1198 1377 1249 ἀκηκόατε
1410 1201 1458 1238 σύ
1491 1214 1528 1237 τε
1566 1198 1632 1236 καὶ
1665 1199 1841 1247 Σιμμίας
1873 1196 1961 1247 περὶ

267 1282 344 1314 τῶν
390 1277 578 1315 τοιούτων
629 1276 809 1330 Φιλολάῳ
852 1272 1165 1327 συγγεγονότες’;
1200 1272 1339 1314 “οὐδε’ν
1372 1291 1413 1326 γε
1446 1273 1626 1322 σαφές,
1660 1270 1689 1313 ὦ
1727 1269 1961 1323 Σώκρατες’.

262 1348 404 1390 (ἀλλὰ
436 1351 532 1402 μὴν
565 1350 646 1389 καὶ
681 1350 771 1403 ἐγὼ
806 1350 852 1398 ἐξ
885 1349 1044 1401 ἀκοῆς
1073 1349 1160 1401 περὶ
1193 1350 1325 1389 αὐτῶν
1368 1350 1479 1401 λέγω,
1511 1348 1535 1388 ἃ
1568 1348 1638 1399 μὲν
1672 1344 1746 1388 οὖν
1780 1349 1959 1399 τυγχάνω

269 1427 463 1477 ἀκηκοώς,
501 1427 658 1476 φθόνος
697 1426 829 1473 οὐδεὶς
869 1426 1006 1477 λέγειν.
1051 1424 1262 1481 Loquitur
1304 1424 1510 1468 Socrates
1547 1424 1599 1467 de
1639 1422 1810 1479 placitis
1842 1422 1960 1466 haud

270 1501 329 1544 ita
360 1500 560 1556 cognitis,
595 1516 735 1557 neque
768 1500 861 1556 ipse
895 1504 1106 1556 patronus
1150 1500 1280 1543 huius
1316 1499 1538 1543 doctrinae
1571 1504 1651 1548 est,
1685 1499 1760 1542 sed
1791 1503 1958 1542 tantum

271 1577 400 1619 modo
451 1577 635 1620 amicus.
690 1576 880 1619 Iuvenes
935 1581 1081 1620 autem
1131 1576 1335 1619 Thebani
1382 1576 1523 1632 ignari
1574 1575 1705 1619 huius
1750 1574 1810 1618 rei
1859 1581 1960 1618 sunt

273 1668 411 1709 neque
445 1657 610 1695 sectam
644 1652 1024 1709 Pythagoreorum
1059 1652 1184 1708 sequi
1217 1652 1430 1695 videntur.

330 1728 508 1771 Pliaedo
556 1728 611 1770 62
650 1728 699 1770 Β.
747 1728 766 1767 ὅ
813 1727 884 1779 μὲν
937 1724 1011 1767 οὖν
1059 1729 1100 1767 ἐν
1147 1728 1385 1780 ἀπορρήτοις
1432 1728 1643 1780 λεγόμενος
1690 1727 1777 1777 περὶ
1829 1727 1961 1766 αὐτῶν

271 1808 385 1856 λόγος
418 1842 522 1843 ψῖε
545 1841 565 1843 ἡ
601 1842 604 1843 ⁷
655 1805 811 1856 μέγας
844 1804 881 1843 τέ
913 1805 968 1851 τίς
1001 1820 1064 1852 μοι
1099 1805 1283 1851 φαίνεται
1314 1803 1379 1842 καὶ
1413 1804 1461 1843 οὐ
1495 1804 1678 1857 ῥᾴδιος
1707 1804 1860 1841 διιδεῖν.
1889 1800 1962 1844 Sic

281 1879 474 1935 loquitur
515 1879 648 1921 homo
681 1878 755 1935 qui
798 1878 947 1935 utique
990 1894 1074 1920 non
1120 1878 1252 1921 habet
1298 1905 1347 1909 —
1386 1878 1453 1920 vel
1490 1877 1651 1921 habere
1693 1876 1871 1932 fingitur
1908 1902 1958 1907 —-

271 1954 521 1997 interiorem
556 1954 616 1997 rei
653 1954 870 1997 notitiam.

331 2030 508 2073 Pllaedo
541 2030 596 2073 63
616 2029 661 2072 C.
695 2030 813 2077 αὐτὸς
846 2031 942 2082 ἔχων
975 2031 1045 2080 τὴν
1080 2032 1263 2069 διάνοιαν
1292 2031 1438 2080 ταύτην
1466 2029 1507 2068 ἐν
1536 2037 1588 2084 νῷ
1617 2029 1711 2079 ἔχεις
1737 2028 1912 2077 ἀπιέναι,
1937 2026 1961 2079 ἢ

272 2106 346 2144 κᾶν
376 2105 472 2157 ’ἡμῖν
504 2108 738 2156 μεταδαίηςι
772 2109 918 2148 mente
947 2104 1263 2161 supplendum:
1294 2103 1434 2160 ignari
1462 2103 1576 2146 enim
1606 2103 1738 2146 huius
1765 2101 1963 2146 doctrina

273 2197 441 2224 sumus.
492 2181 653 2224 Deinde
702 2180 906 2224 Socrates
953 2195 1115 2223 arcana
1162 2184 1203 2222 et
1251 2195 1369 2223 nova
1400 2178 1562 2235 profert
1596 2179 1652 2222 63
1671 2178 1719 2221 Ε.

272 2260 555 2297 κινδυνεύουσι
585 2258 658 2310 γὰρ
693 2258 777 2296 ὅσοι
810 2258 1048 2309 τυγχάνουσι
1076 2256 1209 2307 ὀρθῶς
1236 2255 1454 2305 ἁπτόμενοι
1482 2257 1722 2305 φιλοσοφίας
1750 2255 1963 2306 λεληθέναι

274 2335 364 2380 τοὺς
392 2333 534 2380 ἄλλους
562 2334 617 2372 ὅτι
645 2332 764 2372 οὐδὲν
791 2333 904 2372 αὐτοὶ
931 2333 1235 2382 ἐπιτηδεύουσιν
1259 2331 1282 2383 ἢ
1312 2331 1584 2386 ἀντυθνῄςκειν
1608 2347 1647 2370 τε
1673 2330 1738 2370 καὶ
1760 2332 1964 2370 τεθνάναι.

275 2407 396 2457 Quae
431 2408 563 2450 verba
604 2407 711 2450 adeo
747 2422 863 2450 nova
894 2411 995 2449 sunt
1039 2411 1084 2449 ut
1116 2405 1466 2459 admirationem,
1504 2405 1637 2448 immo
1681 2420 1783 2448 vero
1825 2404 1961 2447 risum

277 2487 498 2526 moveant.

335 2558 512 2601 PhaedO
546 2558 602 2601 64¹
626 2558 669 2601 Β.
704 2567 753 2613 τῷ
788 2559 870 2598 ὄντι
903 2560 940 2598 οἱ
968 2563 1284 2608 φιλοσοφοῦντες
1310 2563 1580 2597 θανατῶσι-
1610 2561 1820 2613 spernunt
1848 2555 1963 2598 enim

278 2634 523 2690 voluptates
573 2634 687 2676 vitae
736 2633 789 2676 cf.
840 2633 896 2675 64
918 2633 963 2682 D,
1012 2633 1125 2675 65A
1147 2659 1212 2682 —,
1263 2632 1475 2676 Simmias
1522 2637 1670 2675 autem
1721 2647 1806 2674 non
1857 2630 1962 2674 dixit

275 2715 527 2758 θαιιατῶμεν.
571 2708 669 2765 Ipse
703 2709 744 2751 in
781 2709 936 2751 borum
972 2723 1154 2751 nurnero
1188 2723 1276 2750 non
1310 2713 1388 2751 est.
1424 2707 1590 2751 Contra
1622 2707 1828 2750 Socrates
1859 2707 1963 2750 Pla-

278 2786 464 2827 tonicus·
504 2784 666 2840 apertis
702 2784 845 2826 verbis
878 2788 1104 2826 asseverat
1138 2799 1185 2826 se
1220 2783 1330 2826 inter
1362 2783 1461 2826 illos
1495 2783 1782 2839 philosophos
1815 2797 1962 2825 nume-

277 2859 463 2902 randum
506 2874 624 2901 esse:
669 2856 723 2899 ὧν
767 2862 815 2910 δὴ
858 2861 921 2898 καὶ
960 2861 1033 2910 ἐγὼ
1065 2862 1162 2899 κατά
1194 2875 1235 2912 γε
1268 2862 1308 2899 τὸ
1343 2861 1516 2899 δυνατὸν
1549 2859 1669 2899 οὐδὲν
1701 2859 1888 2899 ἀπέλιπεν
1921 2859 1962 2898 ἐν
2010 2896 2012 2899 .

277 2945 327 2990 τῷ
368 2938 440 2992 βίῳ
488 2937 583 2975 ἀλλὰ
625 2937 741 2975 παντὶ
783 2938 912 2992 τρόπῳ
955 2938 1263 2989 προυθυμήθην
1305 2938 1504 2989 γενέσθαι.
1548 2935 1750 2979 Thebani
1791 2935 1852 2978 illi
1888 2933 1961 2992 qui
