2019 3299
961 173 1043 215 168

146 298 441 348 ,Ἀριστοφάνην
474 297 537 336 καὶ
570 298 785 349 Σώφρονα.
820 298 899 337 Καὶ
930 298 1156 350 ἐπίγραμμα
1188 297 1230 337 δὲ
1261 305 1441 338 τοιοῦτον
1473 299 1527 346 εἰς
1563 300 1847 351 Ἀριστοφάνην

157 371 274 419 αὐτὸς
305 373 535 423 πεποίηκεν·

452 464 497 502 αἱ
525 465 693 515 Χάριτες
726 464 884 514 τέμενός
916 481 950 503 τι
981 466 1118 516 λαβεῖν
1152 465 1246 515 ὅπερ
1278 464 1363 504 οὔτι
1395 469 1568 504 πεσεῖται

511 543 697 590 ζητοῦσαι
729 539 864 591 ψυχὴν
897 535 1015 589 εὗρον
1051 541 1368 590 Ἀριστοφάνους.

218 645 312 688 Etsi
353 645 538 689 libenter
578 646 787 689 confiteor
829 645 935 689 talia
967 661 1053 688 non
1086 646 1147 689 sic
1179 653 1340 690 temere
1372 651 1581 703 tanquam
1618 662 1721 690 vera
1751 661 1850 690 esse

157 720 424 777 accipienda,
459 726 604 764 tamen
634 721 882 765 arbitrabor
909 737 983 764 eos
1013 737 1170 771 errare,
1199 722 1272 779 qui
1293 722 1549 778 perhibeant
1569 722 1687 765 hisce
1707 721 1850 765 verbis

163 811 336 838 omnem
369 796 499 839 fidem
534 796 786 840 historicam
821 812 918 840 esse
946 797 1267 852 denegandam.
1295 797 1359 839 Ex
1386 796 1495 852 ipsis
1515 797 1631 840 enim
1650 797 1850 841 Platonis

159 871 345 928 dialogis
390 872 591 928 permulti
633 872 715 915 loci
758 872 885 915 nobis
929 873 1128 921 suadent,
1159 878 1203 915 ut
1236 878 1440 929 putemus
1473 888 1518 915 re
1551 888 1654 916 vera
1685 873 1850 917 Aristo-

160 947 346 1002 phanem
395 947 569 990 Platoni
617 948 779 1004 optime
828 953 978 990 notum
1025 948 1176 997 tuisse,
1222 948 1410 991 fortasse
1452 948 1582 992 etiam
1625 948 1680 992 ab
1723 964 1774 991 eo
1805 947 1848 991 in

159 1021 324 1065 deliciis
356 1022 556 1066 habitum
589 1039 703 1066 esse.

219 1097 491 1140 Nominatim
526 1098 621 1141 eius
656 1098 790 1141 verba
823 1099 975 1142 laudat
1009 1099 1136 1141 Plato
1171 1099 1212 1141 in
1253 1099 1404 1156 Symp.
1438 1099 1592 1148 2213,
1619 1098 1851 1143 notissimo

158 1172 266 1222 loco,
310 1189 397 1230 quo
438 1173 582 1229 agitur
621 1174 671 1216 de
713 1173 908 1217 Socratis
954 1174 1105 1217 habitu
1140 1174 1181 1217 in
1218 1190 1386 1231 pugna;
1422 1174 1523 1217 item
1557 1174 1600 1217 in
1634 1174 1853 1231 Apologia

165 1249 215 1292 19
235 1248 281 1296 C,
317 1248 389 1291 ubi
424 1248 581 1292 iterum
617 1249 769 1292 Nubes
803 1249 1114 1306 respiciuntur.

218 1323 353 1367 Nullo
397 1329 543 1368 aulem
581 1330 766 1368 *auctore
800 1325 1027 1368 nominato
1062 1325 1374 1382 philosophum
1409 1330 1621 1376 nostrum,
1654 1326 1729 1383 qui
1761 1325 1853 1383 ipse

159 1396 389 1443 confitetur
431 1400 528 1443 sine
560 1400 756 1443 ridiculis
790 1400 905 1444 seria
938 1400 1045 1444 disci
1078 1406 1119 1444 et
1152 1401 1297 1444 doceri
1328 1417 1415 1444 non
1449 1417 1579 1458 posse
1603 1402 1644 1455 ¹),
1677 1401 1854 1459 saepius

159 1474 253 1518 eius
308 1475 516 1519 festivum
565 1481 607 1519 et
652 1476 846 1533 lepidum
894 1476 1065 1520 dicendi
1111 1492 1251 1533 genus
1299 1492 1396 1520 esse
1444 1476 1676 1528 imitatum,
1725 1477 1852 1528 dicta,

159 1551 340 1595 inventa
379 1551 532 1594 comici
577 1557 652 1595 aut
693 1553 844 1608 procul
886 1557 962 1596 aut
1003 1569 1055 1596 ex
1098 1553 1344 1610 propinquo
1377 1557 1574 1596 secutum
1607 1568 1704 1597 esse
1737 1558 1778 1596 et
1809 1553 1852 1596 in

159 1642 286 1670 suum
336 1643 464 1670 usum
513 1628 798 1677 convertisse,
848 1629 942 1672 eius
990 1628 1116 1685 copia
1164 1629 1398 1672 verborum
1447 1633 1486 1671 et
1532 1628 1764 1684 ingeniosa
1808 1628 1852 1672 in

160 1703 341 1746 dicendo
376 1702 574 1746 ubertate
607 1719 737 1746 suum
766 1719 939 1760 quoque
968 1703 1315 1752 vocabularium,
1343 1703 1458 1760 quod
1487 1708 1657 1752 vocant,
1676 1703 1854 1747 auxisse

161 1784 201 1823 et
234 1778 465 1822 ornavisse
494 1779 623 1823 facile
651 1779 961 1836 intellegimus,
992 1779 1162 1823 Harum
1191 1785 1336 1823 aulem
1358 1779 1650 1823 imitationum
1669 1778 1858 1822 breviter

161 1854 454 1898 indicabimus
503 1854 717 1898 nonnulla
764 1854 978 1911 exempla,
1027 1870 1214 1911 quorum
1265 1854 1378 1897 ultro
1420 1853 1631 1909 nobis-in
1664 1859 1852 1898 mentem

163 1931 294 1973 venit.
327 1930 494 1981 Quodsi
527 1930 639 1987 quis,
675 1929 747 1987 qui
782 1935 822 1973 et
854 1930 1167 1987 Aristophanis
1200 1935 1240 1973 et
1271 1930 1470 1974 Platonis
1496 1930 1655 1973 habeat
1682 1929 1854 1973 interio-

160 2021 249 2048 rem
286 2005 499 2055 notitiam,
533 2006 660 2062 plura
692 2022 743 2049 ex
776 2022 826 2049 eo
859 2022 1018 2062 genere
1051 2007 1154 2050 data
1186 2021 1319 2063 opera
1350 2021 1586 2062 congerere
1621 2005 1736 2056 velit,
1764 2021 1855 2061 per-

164 2081 303 2125 multa
334 2082 484 2137 procul
518 2081 650 2124 duhio
683 2082 894 2125 inveniat.

221 2231 253 2274 I.
302 2232 350 2275 In
398 2232 616 2288 Apologia
662 2232 890 2276 Platonica
937 2232 1126 2289 legimus
1173 2232 1403 2276 Socratem
1451 2232 1727 2276 Platonicum
1769 2248 1854 2275 non

164 2322 350 2364 poenam
383 2308 458 2350 sed
490 2309 678 2364 gratiam
709 2313 749 2351 et
777 2309 988 2351 honorem
1018 2308 1102 2351 sibi
1131 2308 1381 2365 deposcere.
1411 2307 1808 2364 Suspicatisumus
1829 2307 1857 2353 ²)

163 2382 205 2425 in
240 2398 291 2426 eo
322 2383 418 2425 loco
451 2383 755 2440 componendo
788 2383 1018 2426 Platonem
1053 2383 1294 2440 profectum
1330 2399 1429 2426 esse
1462 2398 1488 2426 a
1519 2382 1653 2426 simili
1685 2383 1780 2426 loco
1813 2383 1853 2426 in

164 2457 277 2501 Xen.
311 2457 456 2507 Mem,
492 2458 564 2501 ubi
598 2473 683 2500 non
719 2458 913 2501 Socratis
948 2459 1082 2502 verba
1108 2458 1359 2502 referuntur
1386 2459 1460 2501 sed
1489 2458 1581 2515 ipse
1607 2458 1854 2515 Xenophon

163 2550 262 2578 cum
304 2534 521 2590 gravitate
564 2535 754 2592 quadam
798 2551 924 2580 suam
964 2536 1229 2579 sententiam
1265 2536 1315 2579 de
1349 2535 1545 2579 Socratis
1578 2534 1858 2579 accusatione

210 2714 235 2756 1)
260 2713 346 2757 [aeg.
376 2714 443 2748 816
459 2714 500 2747 D.
533 2718 569 2745 τὰ
602 2718 658 2745 τὼν
689 2719 738 2746 ἐπί
763 2718 800 2746 τὰ
826 2722 878 2746 τοῦ
904 2719 1030 2754 γέλωτος
1054 2717 1269 2757 κωμῳδήματα
1296 2717 1518 2757 τετραμμένων,
1545 2717 1624 2745 κατὰ
1647 2715 1725 2749 λέξιν
1750 2727 1780 2745 τε
1806 2717 1855 2745 καὶ

165 2778 237 2817 ῲὸὴι
279 2778 328 2806 καὶ
364 2779 443 2806 nar&
478 2778 608 2818 ὄρχησιν
639 2779 688 2806 καὶ
717 2779 796 2806 κατὰ
829 2781 864 2807 τά
897 2782 1010 2807 τούτων
1043 2781 1164 2807 πάντων
1194 2782 1356 2814 fulcimenta
1382 2777 1634 2817 κεκωμῳδημένα,
1658 2778 1776 2814 ἀνάγκη
1801 2777 1856 2813 μὲν

165 2841 405 2867 θεάσασθαι
443 2840 506 2866 καὶ
543 2840 761 2878 γνωρίζειν·
793 2839 864 2867 ἄνευ
896 2840 953 2878 γὰρ
979 2841 1101 2875 γελοίων
1128 2839 1163 2867 τὰ
1189 2839 1344 2867 σπουδαῖα
1368 2855 1411 2859 ——-
1431 2842 1545 2874 μαθεῖν
1569 2838 1624 2873 μὲν
1648 2839 1683 2866 οὐ
1712 2837 1854 2870 δυνατόν,

166 2900 193 2926 εἰ
214 2899 312 2930 μέλλει
338 2909 380 2931 τις
404 2901 552 2937 φρόνιμος
578 2900 718 2928 ἔσεσθαι.

212 2955 236 2996 ²)
267 2954 349 2989 Vid.
377 2967 461 2998 pag.
489 2956 562 2989 103.
