2019 3299
891 179 971 222 157

95 309 212 347 textu
245 303 586 347 innumerabiles
618 303 717 347 illae
744 304 1051 347 similitudines
1077 309 1179 347 sunt
1206 305 1435 348 eruendae.
1455 304 1527 348 Sic
1546 307 1768 351 sententia

96 384 246 422 nostra
277 379 328 421 de
353 378 534 421 Platone
561 378 769 434 scriptore
797 379 929 434 probe
956 378 1138 422 fundata
1161 379 1240 421 erit
1259 387 1299 422 et
1317 386 1520 423 accurate
1539 388 1772 426 exstructa.

97 454 144 498 Si
176 455 260 497 duo
295 454 361 496 vel
391 458 479 495 tres
510 453 591 495 loci
623 453 746 508 apud·
774 454 889 496 viros
921 454 1071 496 doctos
1100 453 1413 497 dubitationem
1444 470 1527 497 non
1557 456 1774 505 auferunt,

96 533 269 572 centum
306 527 373 571 vel
406 527 524 570 mille
557 532 661 570 sunt
693 528 921 570 afferendi.

156 605 310 660 Neque
334 605 586 647 vereantur
609 606 766 658 facere
789 606 842 646 in
869 605 1064 646 Platone
1088 607 1210 659 qnod
1235 606 1289 647 in
1319 605 1513 660 Vergilio
1538 620 1633 650 non
1649 622 1775 652 recn-

96 682 336 724 saverunt.
365 678 526 721 Nullus
554 678 668 720 enim
696 678 894 734 scriptor,
913 683 1124 734 quantum
1144 678 1246 727 scio,
1267 684 1490 735 tantopere
1508 687 1778 737 quantopere

97 755 234 803 Plato,
259 758 396 797 scatet
415 753 570 802 verbis,
589 753 727 802 dictis,
745 752 986 797 sententiis.
1004 769 1115 810 quae
1133 754 1232 796 aliis
1249 755 1534 810 scriptoribus
1553 757 1776 801 debentur.

154 829 482 886 Explorandum
530 828 659 884 igitur
705 833 770 871 est
806 855 855 859 -—
891 829 1041 870 eodem
1085 829 1149 871 vel
1192 829 1324 871 simili
1367 831 1493 872 modo
1537 848 1622 888 quo
1665 833 1776 876 duae

96 903 337 961 Apologiae
377 919 403 947 a
446 904 571 946 nobis
614 910 714 946 sunt
756 903 942 946 collatae
978 930 1043 952 —‚
1088 919 1199 960 quae
1242 905 1353 947 ratio
1396 905 1634 950 intercedat
1667 907 1777 951 inter

97 980 323 1024 Platonem
371 984 411 1022 et
461 979 715 1027 Homerum,
763 978 865 1035 quid
907 978 1032 1021 Plato
1074 979 1271 1022 debuerit
1317 980 1521 1029 Homero,
1569 983 1774 1032 Hesiodo,

97 1055 255 1112 Epicis,
297 1054 477 1111 Lyricis‚
521 1053 734 1110 Tragicis,
775 1053 964 1096 Cornicis
998 1054 1295 1110 (Epicharmo,
1330 1055 1564 1111 Sophroni,
1601 1059 1777 1102 Aristo·

95 1134 262 1186 phorm,
319 1130 558 1186 Eupolidi)‚
617 1128 878 1185 Thucydidi,
936 1128 1157 1184 Sophistis
1212 1129 1428 1185 (Gorgiae.
1485 1131 1779 1188 Protagorae),

99 1205 369 1263 Hippocrati,
424 1205 680 1248 Oratoribus
734 1204 909 1260 (Lysiae
957 1204 1201 1260 imprimis),
1250 1205 1485 1249 Socraticis
1532 1207 1779 1260 (Aeschini,

100 1281 365 1329 Antistheni,
399 1280 635 1336 Aristippo,
669 1279 803 1328 aliis),
836 1281 1146 1334 Xenophonti,
1179 1280 1290 1323 aliis.

159 1357 211 1400 Et
249 1357 291 1400 in
324 1372 368 1399 re
400 1355 716 1413 philosophica,
751 1355 853 1412 quid
885 1355 1080 1398 debuerit
1115 1356 1246 1398 variis
1280 1356 1570 1413 pbilosophis.

160 1432 272 1475 Tum
315 1432 490 1475 demum
528 1435 640 1474 recte
672 1431 723 1473 de
755 1435 844 1473 toto
878 1431 1070 1480 Platone,
1104 1432 1247 1487 qualis
1280 1433 1462 1489 scriptor
1494 1433 1636 1483 fuerit,
1671 1433 1777 1477 iudi·

101 1524 198 1552 cate
231 1508 483 1564 poterimus.

159 1583 298 1626 Probe
355 1582 456 1626 novi
512 1597 580 1625 me
637 1597 722 1624 non
782 1597 897 1625 nova
951 1586 1080 1639 atque
1138 1582 1337 1626 inaudita
1398 1599 1513 1626 nunc
1574 1584 1779 1640 proferre.

102 1659 151 1701 E.
183 1675 209 1714 g
255 1674 372 1702 anno
409 1656 539 1701 1880Ο
571 1657 656 1700 iam
689 1657 960 1701 THEODORUS
995 1658 1136 1700 HEJNE
1168 1658 1208 1700 in
1243 1658 1346 1701 diss.
1388 1659 1455 1701 cui
1495 1659 1670 1703 titulus:
1714 1662 1780 1704 De

99 1737 284 1778 ratione
334 1748 454 1790 quae
499 1735 690 1776 Platoni
731 1748 837 1777 cnm
876 1736 1027 1787 poetis
1071 1748 1349 1789 gyrczsecormn
1390 1738 1650 1788 intercedit,
1697 1739 1780 1791 qui

101 1813 211 1853 ante
240 1824 347 1853 euin
373 1808 678 1864 floruerunt'',
717 1808 954 1851 nonnullos
985 1808 1105 1851 locos
1138 1809 1374 1865 congessit,
1398 1814 1439 1852 et
1465 1810 1781 1854 demonstravit

101 1885 343 1933 Platonem,
392 1888 695 1941 praeterquam
742 1884 855 1940 quod
905 1883 1101 1939 plurimis
1136 1884 1298 1940 glossis
1344 1884 1588 1928 Homericis
1631 1886 1779 1938 utitur,

101 1975 234 2016 saepe
264 1959 318 2002 ad
351 1974 451 2002 eum
489 1959 716 2002 nominato
750 1965 823 2001 aut
857 1974 941 2002 non
976 1960 1203 2001 nominato
1230 1959 1396 2006 alludit.
1430 1960 1605 2016 singula
1635 1962 1779 2007 verba.

100 2035 285 2092 glossas.
321 2050 475 2077 versus
507 2034 715 2077 adhibere
747 2034 800 2077 ad
835 2033 1074 2076 orationem
1109 2036 1422 2085 exornandam,
1456 2052 1587 2092 saepe
1615 2037 1667 2079 ad
1687 2037 1779 2080 eius

101 2109 364 2167 sapientiam
426 2124 677 2166 provocare,
735 2109 919 2152 aliorum
969 2115 1197 2164 poetarum
1244 2126 1417 2167 quoque
1468 2111 1603 2154 verba
1650 2128 1781 2169 saepe

101 2191 312 2242 spectare,
353 2190 484 2241 atque
526 2200 578 2227 ex
619 2189 741 2240 parte
772 2200 878 2227 suae
912 2184 1097 2227 orationi
1132 2184 1372 2228 admiscere
1405 2191 1445 2228 et
1476 2186 1529 2229 ad
1562 2186 1780 2230 illustran-

101 2261 201 2303 dam
244 2259 486 2303 orationem
527 2259 747 2302 adhibere.
789 2259 834 2302 Id
878 2260 993 2316 quod
1027 2259 1086 2302 rei
1120 2260 1268 2316 peritis
1299 2260 1364 2303 vel
1396 2260 1457 2303 sic
1490 2266 1640 2304 notum
1674 2269 1779 2306 erat.

102 2335 267 2379 Eodem
299 2335 428 2377 modo
460 2334 535 2377 alii
569 2334 647 2377 viri
680 2334 807 2383 docti,
834 2334 902 2377 bic
929 2339 1058 2391 atque
1087 2334 1173 2377 illic
1191 2335 1780 2392 disputaveruntderatione

102 2427 214 2468 quae
255 2410 480 2453 intercedit
522 2410 632 2452 inter
663 2410 893 2453 Platonem
927 2415 968 2453 et
1000 2410 1110 2453 alios
1143 2411 1389 2466 scriptores.
1425 2413 1591 2456 Adhuc
1622 2416 1781 2457 autem

101 2491 316 2531 nondum
343 2489 619 2541 ‘separatim
659 2489 700 2529 et
740 2488 1030 2530 coniunctim
1067 2488 1168 2534 hac,
1201 2501 1345 2542 quam
1378 2490 1431 2530 in
1464 2490 1616 2541 capite
1648 2491 1781 2532 tertio

100 2564 441 2614 indicavimus,
473 2563 555 2605 via
585 2564 625 2604 et
650 2563 835 2604 ratione
866 2564 989 2605 totus
1020 2562 1154 2605 Plato
1186 2565 1515 2606 consideratus
1546 2567 1626 2606 est.
1655 2563 1780 2613 Quod

103 2638 137 2681 si
165 2636 301 2680 semel
326 2635 490 2679 factum
518 2635 611 2685 erit,
638 2641 677 2678 et
706 2636 990 2679 manifestum
1019 2636 1098 2679 erit
1125 2636 1366 2685 Platonem,
1395 2637 1506 2679 sicut
1528 2638 1780 2693 Vergilium,

102 2728 198 2756 esse
225 2711 492 2767 scriptorem,
519 2711 592 2767 qui
612 2711 827 2767 permulta
854 2711 952 2754 aliis
979 2712 1262 2767 scriptoribus
1290 2712 1430 2760 debet,
1460 2713 1622 2756 multae
1650 2714 1780 2756 simul

102 2786 385 2844 quaestiones
427 2786 666 2839 solventur,
699 2786 832 2828 immo
868 2786 950 2829 hac
982 2786 1077 2829 tuce
1111 2786 1262 2829 incerti
1298 2802 1470 2844 quoque
1503 2787 1663 2844 dialogi
1697 2804 1781 2831 ser-

104 2863 338 2905 vabuntur.

163 2937 286 2980 Dabo
319 2934 579 2991 exemplum.
