2019 3299
1078 186 1131 229 18

217 317 220 322 '
253 327 311 368 Sc.
353 312 443 359 τοὺς
488 312 655 362 σόφους,
695 311 794 362 ἔχειν
825 311 899 363 γὰρ
933 311 973 350 ἐν
1005 311 1159 359 ἑαυτοῖς
1192 311 1314 351 οἱονεὶ
1346 312 1445 352 θεόν
1477 310 1530 354 cf.
1566 310 1750 354 Theaet.
1791 309 1943 353 176C.

252 385 376 442 Diog.
416 385 460 428 L.
507 385 581 428 Vl.
623 385 719 429 105.
749 387 937 437 καθάπερ
973 386 1179 438 Διογένης,
1209 385 1251 434 ὃς
1283 387 1429 437 ἔφασκε
1462 391 1570 426 θεῶν
1603 385 1673 437 μὲν
1705 387 1809 427 ἴδιον
1841 383 1945 426 εἶναι

252 463 422 514 μηὸενὸς
465 464 639 511 δεῖσθαι,
681 469 759 500 τῶν
802 460 844 500 δὲ
885 465 997 508 θεοῖς
1039 461 1187 512 ὁμοίων
1221 462 1261 501 τὸ
1295 461 1428 514 ὀλίγον
1459 462 1626 521 χρῄζεινΞ
1659 460 1713 504 cf.
1745 460 1859 504 plut.
1892 459 1944 504 de

252 536 385 580 Stoic.
422 535 529 591 Rep.
568 534 634 578 13.
670 534 790 578 alibi.

311 611 384 654 Sic
411 611 615 654 Socrates
642 625 816 667 quoque
840 610 1104 667 sapientiam
1124 610 1331 654 omnibus
1349 611 1478 654 rebus
1498 610 1712 667 imprimis
1729 609 1942 667 pecuniae

252 686 478 743 anteponit
511 684 564 728 cf.
598 701 633 728 e.
667 700 706 741 g.
741 685 868 742 Apol.
899 686 956 729 30
975 685 1023 728 Β.
1052 685 1192 729 Alcib.
1226 686 1303 730 131
1336 686 1421 730 BC.
1450 686 1564 730 Xen.
1584 686 1712 730 Mem.
1733 686 1944 741 1V.2.9.,

253 767 294 805 et
326 762 438 806 Xen.
473 761 601 819 Apol.
640 762 715 805 18:
750 763 792 803 ἐν
824 771 870 819 τῇ
903 765 1111 818 πολιορκίᾳ
1314 766 1407 812 τοὺς
1444 764 1587 812 ἄλλους
1625 763 1696 816 μὲν
1728 764 1794 812 τὰς
1826 764 1947 804 εὐπα-

248 842 362 887 θείας
410 839 452 878 ἐκ
497 846 565 890 τῆς
613 839 759 891 ἀγορᾶς
797 843 1022 887 πολυτελεῖς
1053 841 1304 892 πορίζεσθαι,
1334 839 1400 890 ἐμὲ
1433 839 1475 879 δὲ
1507 839 1548 879 ἐκ
1579 846 1646 891 τῆς
1678 846 1813 892 ψυχῆς
1846 838 1945 879 ἄνευ

249 917 431 965 δαπάνης
478 913 620 965 ἡδίους
665 915 827 954 ἐκείνων
875 920 1155 967 μηχανᾶσθαι;
1203 914 1376 958 Similia
1428 914 1542 958 Xen.
1591 914 1692 958 Oec.
1739 913 1794 958 Π.
1835 913 1862 956 2
1904 917 1946 957 et

248 989 401 1046 Symp.
435 988 508 1032 IV.
528 989 581 1031 41
618 988 690 1032 ubi
720 989 1009 1033 Antisthenes
1037 989 1251 1047 loquitur;
1282 990 1431 1034 statim
1460 995 1610 1034 autem
1638 988 1864 1046 subiungit
1889 1014 1945 1021 —

252 1081 305 1108 ne
349 1065 428 1108 viri
471 1065 585 1108 docti
628 1065 758 1109 huius
795 1066 975 1116 saeculi,
1009 1066 1176 1123 opinor,
1211 1066 1530 1110 arbitrarentur
1561 1071 1601 1110 et
1633 1066 1946 1110 contenderent

252 1140 593 1198 Xenophontem
641 1156 694 1184 ea
739 1141 890 1185 omnia
936 1157 987 1185 ex
1036 1142 1300 1186 Antisthene
1347 1141 1594 1199 sumpsisse
1645 1169 1696 1174 —
1745 1142 1858 1190 ἄξιον
1906 1139 1942 1182 δ’

253 1218 457 1269 ἐννοῆσαι,
503 1218 555 1265 ὡς
601 1218 667 1257 καὶ
714 1218 969 1270 ἐλευθερίους
1012 1217 1031 1258 ὅ
1069 1226 1248 1266 τοιοῦτος
1280 1224 1449 1267 πλοῦτος
1481 1219 1700 1271 παρέχεται.
1732 1219 1948 1271 Σωκράτης

253 1309 290 1332 τε
330 1294 404 1346 γὰρ
447 1289 575 1345 οὗτος,
606 1291 694 1345 παρ’
731 1291 777 1334 οὗ
811 1294 885 1347 ἐγὼ
917 1301 1061 1334 τοῦτον
1094 1295 1321 1347 ἐκτησάμην
1355 1293 1433 1335 οὔτ’
1468 1295 1630 1350 ἀριθμῷ
1663 1295 1751 1335 οὔτε
1783 1298 1948 1350 σταθμῷ

255 1370 414 1420 ἐπήρκει
447 1385 514 1420 μοι
545 1386 579 1408 κ.
597 1386 626 1409 τ.
645 1374 676 1409 λ.

312 1443 442 1487 Talia
469 1459 567 1487 vere
596 1443 791 1487 Socratis
819 1460 917 1487 esse
944 1443 1304 1501 elegantissimus
1326 1444 1449 1489 locus
1467 1444 1509 1488 in
1526 1444 1726 1489 Platonis
1747 1444 1948 1488 Phaedro

256 1520 337 1562 sub
371 1519 503 1563 finem
537 1520 823 1570 demonstrat,
853 1519 926 1563 ubi
959 1520 1118 1576 legitur
1144 1520 1297 1577 quales
1326 1536 1489 1577 preces,
1518 1519 1765 1564 cuiusmodi
1793 1524 1897 1564 vota
1923 1535 1949 1563 a

255 1595 519 1652 philosopho
548 1600 700 1638 nostro
728 1594 1044 1652 concipiantur.
1064 1595 1276 1639 Videatur
1302 1595 1487 1640 illustris
1505 1595 1582 1639 illa
1599 1595 1792 1639 brevitas

255 1674 453 1712 πλούσιον
488 1671 530 1712 δὲ
563 1674 762 1724 νομίζοιμι
794 1673 864 1712 τὸν
897 1674 1028 1724 σοφόν
1060 1677 1191 1712 κ.τ.λ.
1923 1725 1927 1731 .

315 1746 433 1790 Idem
476 1751 624 1790 autem
667 1746 801 1790 Stoici
843 1747 1093 1791 habuerunt
1130 1747 1184 1791 cf.
1218 1746 1306 1791 Cic.
1339 1747 1571 1791 Paradoxa
1603 1745 1853 1791 Stoicorum
1886 1745 1947 1789 VI

257 1824 313 1862 ὅτι
347 1825 467 1874 μόνός
500 1823 519 1862 ὃ
553 1825 677 1874 σοφὸς
709 1826 910 1871 πλούσιος.
942 1823 1116 1867 Passim
1150 1827 1377 1880 praeterea
1406 1825 1499 1872 τοὺς
1517 1825 1686 1870 πολλούς
1704 1820 1949 1872 nominant,

257 1903 298 1941 et
345 1897 551 1941 Socrates
599 1902 639 1941 et
687 1897 877 1948 Stoicus,
925 1899 1126 1951 ἠλιθίους,
1175 1901 1346 1951 μώρους,
1377 1901 1560 1947 δούλους.
1591 1897 1804 1941 Similiter
1834 1897 1949 1954 apud

257 1973 430 2017 Stoicos
479 1973 638 2029 vulgus
679 1973 912 2030 profanum
960 1978 1063 2017 sunt
1111 1973 1312 2017 homines
1364 1973 1438 2031 qui
1485 1972 1814 2030 philosophiam
1862 1987 1948 2015 non

258 2049 537 2093 meditantur.
591 2049 765 2106 Optime
814 2050 922 2093 haec
970 2054 1075 2093 nota
1121 2055 1223 2093 sunt
1271 2049 1340 2093 vel
1389 2064 1441 2093 ex
1487 2048 1687 2092 Horatio.
1728 2048 1801 2092 Sic
1832 2046 1948 2091 enim

257 2125 399 2168 solum
445 2125 636 2181 intellegi
685 2130 829 2182 potest
876 2125 983 2169 illud
1026 2125 1294 2169 adiectivurn
1338 2127 1527 2170 stultus.
1569 2124 1678 2177 (Sat.
1710 2123 1741 2167 Ι.
1774 2125 1815 2168 3.
1852 2123 1948 2167 140.

258 2200 351 2244 Sat.
386 2200 439 2244 ΙΙ.
471 2202 511 2249 3,
544 2201 615 2250 32,
650 2200 816 2257 passim
852 2200 986 2254 alibi).

315 2275 588 2332 Quicumque
638 2291 663 2319 a
710 2280 864 2319 nostra
911 2276 1027 2320 vitae
1075 2276 1259 2331 ratione,
1308 2291 1335 2319 a
1376 2275 1675 2333 philosophia,
1719 2290 1746 2318 a
1776 2274 1950 2332 placitis

259 2351 419 2395 nostris
451 2351 701 2406 abhorrent,
733 2351 796 2395 ita
827 2351 1068 2409 loquuntur
1099 2351 1249 2401 Stoici,
1284 2352 1405 2394 stulti
1445 2356 1562 2401 sunt,
1596 2350 1757 2400 stolidi,
1791 2349 1949 2394 insani.

318 2426 372 2471 cf.
404 2426 490 2470 Cle.
534 2427 692 2470 parad.
736 2427 870 2470 Stoic.
911 2427 973 2470 IV
1008 2430 1065 2468 ὅτι
1097 2436 1173 2476 πᾶς
1206 2428 1347 2480 ἄφρων
1379 2429 1574 2479 μαίνεται,
1606 2426 1644 2469 V
1687 2428 1744 2467 ὅτι
1776 2427 1897 2478 μόνος
1929 2425 1950 2466 ὃ

259 2504 383 2554 σοφὸς
415 2504 626 2555 ἐλεύθερος
658 2503 724 2543 καὶ
754 2511 831 2551 πᾶς
864 2504 1006 2555 ἄφρων
1039 2505 1194 2551 δοῦλος.

317 2578 385 2622 Ita
418 2578 623 2622 Socrates
656 2593 830 2634 quoque
865 2579 964 2631 μέγα
997 2576 1052 2629 ἐφ’
1090 2578 1216 2633 ἑαυτῷ
1249 2582 1350 2618 πνεῖ.
1392 2576 1488 2621 Hac
1525 2576 1621 2621 luce
1654 2575 1951 2633 intellegimus

259 2655 479 2712 quomodo
512 2654 587 2697 illa
620 2654 837 2697 vocabula
879 2657 1166 2706 πολυθρύλητοι
1204 2654 1364 2707 (μῶρος,
1396 2656 1553 2706 δοῦλος,
1583 2652 1815 2707 μαίνεσθαι)
1843 2651 1951 2695 acci-

259 2730 418 2787 pienda
465 2729 565 2773 sint.
615 2729 711 2773 Hac
757 2730 852 2773 luce
901 2729 1027 2772 nobis
1075 2729 1282 2773 Socrates
1331 2728 1489 2772 melius
1531 2727 1822 2785 cognoscitur.
1855 2727 1952 2771 Hac

259 2806 353 2848 luce
386 2809 567 2862 apparet
609 2804 835 2848 Socratem
880 2820 1088 2860 magnum
1128 2804 1310 2847 fluvium
1346 2803 1484 2847 fuisse
1517 2805 1591 2860 qui
1623 2803 1822 2860 pluribus
1854 2803 1948 2847 bra-

260 2880 368 2923 chiis
417 2880 459 2923 in
508 2880 752 2937 posteriora
797 2880 977 2924 saecula
1023 2896 1069 2922 se
1118 2879 1386 2923 effundebat.
1444 2880 1573 2923 Pater
1619 2879 1812 2923 familias
1859 2884 1951 2923 erat

260 2955 383 2998 cuius
433 2960 471 2998 et
521 2955 695 2998 Stoicus
744 2970 880 3011 nepos
929 2954 1022 2998 fuit.
1070 2955 1191 2998 Haec
1224 2955 1318 2998 eius
1351 2955 1529 2998 tristitia
1562 2959 1603 2998 et
1633 2954 1947 2998 sententiarum
