2019 3299
909 207 964 249 85

98 335 240 381 θεός,
280 328 323 371 εὖ
365 333 458 382 ἴστε,
497 332 561 371 καὶ
604 332 677 383 ἐγὼ
717 328 827 381 οἶμαι
859 331 978 371 οὐδέν
1016 346 1076 370 πω
1110 331 1201 381 ὑμῖν
1235 334 1365 380 μεῖζον
1398 330 1555 381 ἀγαθὸν
1587 330 1774 381 γενέσθαι

99 409 138 447 ἐν
171 416 215 462 τῇ
249 409 357 446 πόλει
390 407 414 458 ἢ
445 407 534 458 τὴν
567 407 691 456 ἐμὴν
724 414 782 461 τῷ
817 411 918 461 θεῷ
952 406 1248 455 ὑπηρεσίαν
1284 405 1441 457 (ΒΘΑ),

154 481 252 538 Ipse
283 480 462 523 totidem
496 480 640 523 verbis
673 481 902 536 respondet
940 479 992 522 iis
1019 479 1092 536 qui
1121 484 1275 536 putant
1304 479 1464 522 ironice
1492 479 1600 522 haec
1628 478 1775 521 omnia

95 557 146 600 de
192 557 372 599 deorum
419 556 626 599 mandato
672 547 777 598 dici:
820 555 875 598 37
895 555 944 598 Ε.
977 555 1081 595 τουτὶ
1119 557 1167 606 δὴ
1201 556 1279 595 ἐστι
1310 558 1470 594 πάντων
1503 557 1774 606 χαλεπώτατον

95 634 229 672 πεῖσαί
271 648 380 679 τινας
421 633 547 683 ὑμῶν,
587 632 655 671 ἐάν
699 647 736 670 τε
776 634 848 683 γὰρ
881 632 978 684 λέγω
1013 632 1070 671 ὅτι
1117 639 1178 686 τῷ
1224 635 1326 685 θεῷ
1374 631 1624 669 ἀπειθεῖν
1673 629 1769 668 τοῦτ’

94 707 198 747 ἐστὶν
239 707 304 746 καὶ
351 707 415 745 dt&
470 704 569 746 τοῦτ’
614 707 817 746 ἀδύνατον
863 705 1034 757 ἡσυχίαν
1085 705 1210 758 ἄγειν,
1255 707 1302 745 οὐ
1350 705 1536 744 πείσεσθέ
1584 722 1667 754 μοι
1715 703 1774 750 ὡς

94 783 485 836 εἰρωνευομένῳ
547 781 643 824 Vid.
690 785 917 838 praeterea
959 781 1014 824 23
1033 781 1085 829 A,
1129 780 1256 830 24Α,
1297 779 1418 831 310,
1468 779 1525 822 28
1545 781 1594 827 Α,
1644 779 1700 822 33
1726 779 1772 827 Α,

94 855 307 913 imprimis
338 856 386 899 41
413 856 458 899 C.

150 931 368 974 Excedere
400 932 578 974 modum
615 931 666 974 H.
702 931 848 974 MAOER
882 930 987 973 mihi
1022 930 1191 974 videtur
1216 930 1255 979 1).
1290 930 1389 973 Non
1419 934 1508 973 tam
1540 928 1774 972 Athenien-

90 1005 212 1049 sibus
259 1006 441 1050 insultat
487 1022 619 1063 quam
668 1006 927 1062 magistrum
976 1005 1158 1048 extollit.
1208 1005 1303 1048 Hoc
1351 1004 1466 1048 enim
1510 1004 1547 1047 ei
1596 1003 1773 1046 maximi

93 1081 300 1124 momenti
334 1086 439 1125 erat.

148 1157 205 1199 At
238 1156 392 1199 dixerit
423 1156 606 1213 aliquis:
637 1157 751 1200 unde
774 1156 865 1199 fieri
894 1155 1033 1212 potuit
1063 1161 1106 1199 ut
1136 1156 1344 1199 Socrates
1372 1154 1546 1198 Platoni
1564 1153 1775 1197 divinitus

90 1232 132 1274 in
165 1231 366 1274 homines
398 1232 623 1275 immissus
657 1232 909 1275 videretur?
943 1231 990 1274 In
1025 1231 1166 1288 priore
1199 1231 1339 1287 capite
1374 1229 1776 1273 demonstravimus

89 1310 225 1349 totam
258 1306 454 1350 Socratis
491 1307 623 1350 vitam
667 1323 693 1350 a
725 1307 805 1350 deo
842 1306 1078 1363 gubernari
1112 1322 1186 1363 per
1220 1306 1516 1350 daemonium.
1550 1305 1677 1349 Hanc
1709 1303 1776 1347 dei

87 1397 236 1425 curam
284 1381 479 1425 Platonis·
528 1382 771 1425 inventioni
820 1387 951 1439 atque
1008 1381 1263 1438 cogitationi
1315 1397 1471 1425 ansam
1519 1380 1775 1438 praebuisse

88 1456 299 1513 suspicor,
348 1457 461 1501 hanc
508 1473 608 1500 eum
657 1458 717 1501 ita
765 1457 806 1500 in
857 1457 1000 1501 maius
1042 1472 1334 1514 exaggerasse
1376 1462 1417 1500 et
1455 1472 1552 1500 cum
1596 1455 1772 1499 oraculo

88 1532 429 1588 conglutinasse‚
458 1537 504 1575 ut
531 1548 640 1581 eam,
674 1548 805 1589 quam
842 1532 1059 1580 novimus,
1094 1532 1330 1588 imaginem
1365 1531 1572 1581 Socratis,
1592 1530 1773 1588 amplifi-

86 1612 228 1651 catam
256 1607 560 1664 pulcherrime,
581 1608 751 1651 civibus
775 1607 868 1651 suis
887 1607 1096 1664 praebere
1114 1611 1282 1664 posset;
1313 1607 1413 1650 inde
1432 1606 1561 1663 igitur
1578 1606 1773 1650 Socratis

85 1682 360 1726 divinitatem
393 1682 605 1739 originem
639 1682 843 1726 traxisse.

146 1833 313 1877 Horum
357 1834 553 1877 omnium
596 1834 711 1890 apud
757 1833 1100 1889 Xenophontem
1147 1833 1267 1881 nihil,
1313 1848 1450 1889 neque
1495 1832 1551 1875 ibi
1586 1831 1772 1888 legimus

85 1909 462 1966 Chaerephontem
511 1910 737 1952 oraculum
785 1909 836 1952 de
884 1909 1104 1965 sapientia
1151 1908 1348 1952 Socratis
1390 1907 1682 1951 consuluisse.
1726 1911 1772 1946 X.

85 1986 242 2035 ἐπερω
263 1995 449 2033 τῶιιτος
483 1988 524 2024 ἐν
554 1990 724 2032 Λελπιιοῖς
755 1986 840 2035 περὶ
869 1986 978 2035 ἐμοῦ,
997 1983 1104 2026 nihil
1123 1984 1256 2027 aliud.
1277 1983 1473 2033 Quocum
1500 1983 1580 2025 hoc
1598 1997 1771 2039 quoque

83 2060 452 2116 coniungendum‚
487 2060 599 2116 apud
631 2059 967 2116 Xenophontem
999 2075 1083 2102 non
1113 2059 1255 2102 solum
1285 2059 1480 2102 Socratis
1508 2057 1771 2114 sapientiam

81 2135 263 2185 laudari,
308 2135 382 2178 sed
423 2135 553 2178 etiam
588 2134 699 2178 alias
734 2134 939 2177 virtutes:
979 2137 1130 2186 μηὸένα
1168 2133 1269 2174 εἶναι
1301 2135 1643 2185 ἐλευθεριώτερον,
1673 2136 1771 2185 μήὸε

83 2214 329 2261 δικαιότερον
367 2213 460 2261 μήτε
508 2212 841 2261 σωφρονέστερον.
887 2210 986 2252 Non
1020 2210 1163 2252 solum
1205 2209 1338 2252 verba
1376 2235 1422 2239 -—
1459 2208 1654 2252 Socratis
1688 2209 1771 2251 dis-

83 2285 276 2342 putantis
309 2290 349 2328 et
382 2286 665 2338 διαλεγομένου
704 2312 752 2315 —
789 2285 863 2327 sed
898 2284 1029 2328 etiam
1066 2284 1160 2327 eius
1190 2284 1305 2328 facta
1331 2284 1387 2337 (et
1416 2283 1595 2326 omnino
1628 2283 1771 2340 qualis

82 2361 123 2403 in
158 2360 261 2413 vita)
293 2360 545 2404 laudantur.
579 2359 753 2403 Platoni
787 2360 991 2403 Socrates
1023 2359 1276 2415 disceptans
1309 2364 1349 2402 et
1381 2359 1601 2402 disserens
1631 2358 1770 2414 magis

81 2436 198 2479 cordi
245 2440 350 2479 erat.
403 2435 528 2479 Plato
578 2435 804 2478 Socratem
842 2436 972 2478 verbo
1017 2440 1158 2488 tenus,
1194 2440 1237 2478 ut
1271 2434 1473 2483 diximus,
1506 2434 1773 2491 sequebatur

82 2516 121 2554 et
168 2511 435 2554 imitabatur.
495 2511 651 2554 Vitam
699 2513 802 2554 eius
847 2513 1036 2554 imitari
1081 2525 1177 2554 non
1223 2512 1458 2554 sustinuit
1504 2510 1606 2560 (vid.
1647 2510 1769 2566 pum.

80 2593 202 2642 cap).
239 2586 499 2629 Rectissime
533 2601 636 2641 ergo
669 2585 846 2629 SCHANZ
879 2586 904 2628 l.
939 2585 965 2628 l.
1001 2586 1077 2628 79·
1116 2585 1220 2639 „Bet
1251 2585 1376 2628 Plato
1414 2585 1518 2627 wird
1556 2584 1768 2627 Sokrates

128 2797 150 2839 ¹)
176 2796 267 2831 ltein
305 2809 388 2840 pag.
417 2798 491 2832 111:
532 2797 594 2832 die
626 2796 904 2841 Verteidigung
941 2796 1123 2840 gestaltet
1159 2797 1239 2831 sich
1275 2809 1318 2831 zu
1350 2796 1453 2830 einer
1485 2796 1671 2835 scharsen,
1698 2808 1768 2830 von

80 2855 299 2891 hohnender
333 2857 453 2892 Ironie
491 2857 779 2901 durchzogenen
818 2858 1002 2901 Anktage.
1042 2858 1143 2891 Aber
1174 2869 1244 2891 aus
1276 2857 1340 2891 der
1378 2856 1514 2891 Wolke
1551 2868 1621 2890 von
1658 2857 1770 2900 Spott

77 2918 153 2952 und
178 2917 300 2952 Satire
326 2918 403 2952 tritt
429 2918 666 2953 schtieszlich
692 2919 738 2961 (⁶2)
764 2918 858 2953 doch
886 2919 1051 2962 sieghatt
1077 2919 1136 2953 die
1162 2918 1312 2953 Gestalt
1337 2919 1403 2952 des
1429 2918 1609 2953 Sokrates
1626 2918 1768 2959 hei-vor,

80 2977 148 3012 wie
173 2978 227 3012 sie
252 2978 335 3012 dem
361 2980 493 3013 treuen
518 2979 660 3022 sanger
685 2991 748 3013 vor
775 2979 841 3013 der
866 2980 973 3014 Seele
998 2980 1111 3013 steht.
