2019 3299
928 221 1004 263 171

131 365 302 407 quoque
350 350 613 393 comicorum
666 352 732 391 est
772 352 812 390 et
855 346 1003 390 statim
1045 345 1086 388 in
1141 344 1394 388 memoriam
1444 346 1620 387 revocat
1665 340 1808 395 Strep-

131 425 310 473 siadem,
358 424 431 481 qui
479 424 589 466 idem
637 423 736 466 fecit
783 423 833 465 de
881 421 1011 464 rebus
1059 419 1152 463 suis
1202 419 1502 467 meditatim-us,
1553 416 1668 459 Nub.
1710 415 1808 463 727,

133 500 233 548 735,
267 499 365 543 740.
1060 496 1062 498 ’

192 574 417 618 Comicum
468 574 534 617 vel
582 573 727 630 potius
775 572 964 615 comicos
1011 570 1188 626 respicit
1236 569 1365 612 etiam
1415 568 1597 612 Pbaedr.
1645 566 1809 610 270A:

129 658 252 690 πᾶσαι
294 652 381 690 ὅσαι
423 653 586 703 μεγάλαι
627 657 703 689 τῶν
735 656 879 701 τεχνῶν
911 648 1172 697 προσδέονται
1205 646 1509 695 ἀδολεσχίας
1541 643 1603 682 καὶ
1637 657 1811 693 μετεω-

130 727 375 778 ρολογίας
422 725 580 773 φυσέως
627 725 714 773 πέρι
761 728 839 764 κτλ.
891 721 1102 765 Similiter
1146 719 1305 763 Phaed.
1350 718 1477 762 7OC:
1519 731 1654 761 nemo
1684 729 1813 760 nunc

134 803 270 845 mihi·
302 798 599 855 &mprobrabit
644 813 716 842 ww
761 799 1089 849 ἀδολεσχεῖν,
1130 794 1215 835 οὐδ’
1263 797 1297 834 εἰ
1332 793 1618 849 κωμῳδοποιὸς
1652 794 1726 843 εἴη,
1756 790 1809 833 cf.

135 876 252 919 Nub.
286 876 411 924 1485,
439 875 512 918 ubi
540 874 800 917 comburunt
829 874 897 921 τὴν
915 874 1045 912 οὶκίαν
1063 879 1138 911 τῶν
1157 871 1380 922 ἀδολεσχῶν
1400 872 1439 911 et
1456 867 1611 925 Eupol.
1632 867 1680 910 fr.
1700 867 1785 910 352

657 982 758 1025 μισῶ
792 973 833 1013 ὁὲ
865 973 930 1012 καὶ
963 973 1030 1012 τὸν
1063 973 1276 1022 Σωκράτη,

657 1050 723 1088 τὸν
756 1049 908 1100 πτωχὸν
942 1048 1175 1098 ἀδολέσχην,

657 1123 699 1172 ὃς
732 1121 849 1163 τᾶλλα
883 1122 953 1173 μὲν
985 1122 1262 1173 πεφρόντικεν,

658 1200 811 1240 ὁπόθεν
843 1198 885 1238 δὲ
916 1202 1160 1250 καταφαγεῖν
1192 1198 1285 1248 ἔχοι,

658 1276 800 1315 τούτου
836 1273 1116 1323 κατημέληκεν.

190 1383 466 1427 Vocabulum
499 1384 721 1435 ἀδολεσχία,
754 1397 794 1438 pl
808 1381 941 1423 imum
976 1380 1017 1422 in
1052 1380 1241 1423 dedecus
1260 1379 1422 1427 datum,
1453 1377 1616 1420 sensim
1639 1376 1815 1419 verbum

131 1458 417 1502 honorificum
450 1474 476 1502 a
507 1458 689 1502 Platone
724 1457 921 1500 habitum
956 1471 1053 1499 esse
1087 1455 1260 1498 videtur
1289 1452 1748 1497 testaripl1aed1-.270
1763 1452 1817 1495 A.

133 1534 260 1577 Hunc
292 1538 437 1577 autem
471 1533 693 1589 dialogum
726 1531 949 1575 continere
983 1530 1250 1586 colloquium
1284 1529 1397 1587 quod
1431 1544 1592 1584 magna
1617 1544 1668 1571 ex
1694 1532 1816 1584 parte

131 1625 206 1666 pei·
254 1610 400 1653 lusum
447 1613 577 1665 atque
624 1608 854 1652 lasciviam
902 1606 1099 1650 habitum
1149 1611 1226 1653 est,
1272 1604 1308 1647 si
1351 1605 1419 1648 cui
1462 1605 1605 1648 adhuc
1636 1603 1816 1647 dubium

130 1684 313 1738 videtur,
347 1685 629 1729 manifestum
663 1684 709 1727 fit
743 1684 888 1727 verbis
921 1698 1033 1740 quae
1062 1682 1104 1725 in
1132 1682 1217 1725 fine
1246 1681 1407 1738 dialogi
1434 1681 1638 1737 leguntur
1664 1680 1750 1724 278
1768 1680 1817 1734 B,

132 1760 204 1803 ubi
237 1760 439 1804 Socrates
473 1762 636 1809 οὐκοῦν,
668 1759 820 1816 inquit,
855 1759 932 1811 ἤδη
964 1760 1176 1798 πεπαίσθω
1205 1759 1368 1808 μετρίως
1394 1757 1489 1809 ἡμῖν
1516 1758 1561 1796 τὰ
1578 1757 1665 1807 περὶ
1681 1757 1819 1808 λόγων.

130 1835 294 1878 Eodem
329 1836 457 1878 modo
490 1834 729 1884 comoedia,
764 1833 1000 1877 simillimis
1031 1832 1188 1881 verbis,
1218 1847 1550 1889 nonnumquam
1577 1830 1817 1879 desinebat,

131 1910 184 1954 cf.
234 1911 368 1955 verba
415 1911 455 1954 in
505 1911 590 1953 fine
638 1910 816 1954 fabulae
864 1907 1425 1965 Thesmophoriazusarum
1471 1907 1568 1946 ἀλλὰ
1609 1908 1820 1947 πέπαισται

131 1990 292 2039 μετρίως
324 1986 433 2038 ἡμῖν,
464 1990 505 2029 et
538 1985 654 2028 Nub.
691 1986 804 2029 1510
836 1987 1059 2037 κεχόρευται
1092 1985 1165 2037 γὰρ
1194 1985 1356 2035 μετρίως
1384 1984 1424 2022 τό
1450 1998 1491 2035 γε
1518 1983 1687 2033 τήμερον
1714 1981 1819 2033 ἡμῖν.

190 2136 265 2179 IV.
294 2136 562 2180 Theaeletus
589 2152 762 2194 quoque
790 2135 993 2192 dialogus
1023 2134 1235 2177 nonnulla
1263 2134 1392 2176 habet
1410 2148 1521 2190 quae
1540 2133 1623 2175 huc
1641 2132 1820 2176 faciunt.

192 2211 310 2254 Nota
356 2216 420 2254 est
467 2211 708 2254 similitudo
752 2226 838 2268 qua
880 2211 1006 2254 Plato
1047 2209 1184 2253 verba
1215 2207 1528 2265 Aristophanis
1560 2223 1582 2251 e
1616 2207 1820 2251 Nubibus

132 2286 284 2330 fabula
314 2287 400 2330 943
435 2286 631 2330 imitatus
663 2291 751 2329 est:
790 2274 1042 2339 ῥηματίοισιν
1070 2290 1222 2332 καινοῖς
1251 2285 1373 2324 αὐτὸν
1401 2285 1463 2323 καὶ
1492 2286 1688 2332 διανοίαις
1706 2301 1823 2323 κατα-

132 2365 300 2411 τοξεύσω
346 2362 464 2405 Idem
497 2362 614 2405 enim
649 2362 832 2406 Theaet.
873 2362 954 2405 180
972 2361 1025 2405 A.
1059 2360 1217 2416 legitur
1249 2361 1377 2410 ὥσπερ
1410 2360 1450 2398 ἐκ
1478 2361 1675 2411 φαρέτρας
1700 2361 1820 2411 ῥημα-

131 2439 259 2476 τίσκια
291 2439 565 2490 αἰνιγματώδη
598 2439 854 2485 ἀνασπῶντες
886 2438 1187 2485 ἀποτοξεύουσι.

192 2512 440 2556 Notissima
483 2518 629 2556 autem
678 2512 949 2569 comparatio
992 2514 1042 2555 de
1088 2511 1269 2554 Socrate
1302 2509 1454 2552 matris
1492 2515 1629 2552 artem
1666 2535 1715 2540 —
1751 2516 1821 2561 τῆν

132 2596 199 2641 τῆς
238 2591 453 2640 μαιεύσεως
496 2589 633 2641 τέχνην
679 2615 727 2619 —
769 2592 996 2631 exercente
1029 2587 1231 2641 (Theaet.
1270 2587 1352 2630 148
1373 2586 1547 2627 E—l5l
1570 2584 1620 2633 El
1649 2599 1820 2640 compo·

134 2663 277 2707 nenda
310 2667 374 2706 est
408 2679 506 2706 cum
541 2679 629 2707 vss.
663 2663 782 2706 Nub.
819 2663 924 2706 137:

314 2814 395 2857 139
505 2756 571 2795 καὶ
603 2755 781 2808 φροντίδ’
820 2756 1152 2807 ἐξήμβλωκας
1185 2753 1475 2806 ἐξηυρημένην,

135 2819 176 2857 et
212 2829 276 2856 vs.
409 2830 418 2856 :

504 2872 584 2912 ἀλλ’
623 2874 706 2913 εἰπέ
738 2890 804 2925 μοι
836 2874 877 2913 τὸ
909 2881 1070 2925 πρᾶγμα
1102 2873 1144 2911 τὸ
1178 2871 1594 2924 ἐξημβλωμένον.

195 2981 243 3024 In
292 2981 403 3024 Edit.
453 2981 506 3024 ad
556 2997 617 3024 vs.
666 2982 743 3024 137
790 2985 830 3024 et
873 2980 915 3023 in
961 2979 1125 3036 proleg.
1159 2978 1312 3022 XXXI
1347 2994 1385 3021 v.
1420 2978 1471 3021 cl.
1505 2993 1545 3020 v.
1586 2977 1820 3021 LEEUWEN.
