2019 3299
922 692 1117 736 CAPUT
1152 692 1226 747 ΠΙ.

699 840 990 896 SIMILIA.
1036 838 1445 894 DISSIMILIA.

816 1013 840 1059 ξ
875 1015 905 1049 l.
963 1012 1330 1049 INTRODUCTIO.

286 1129 494 1185 Sequitur
527 1135 570 1172 ut
608 1130 751 1178 verba,
779 1130 1038 1185 locutiones,
1066 1130 1311 1173 sententias
1339 1127 1592 1171 consimiles
1619 1132 1658 1170 et
1688 1127 1730 1170 in
1758 1126 1917 1170 utrius-

225 1219 309 1260 que
341 1204 559 1260 Apologia
590 1204 746 1247 obvias
779 1210 892 1248 recte
925 1211 1056 1262 atque
1088 1205 1238 1247 ordine
1272 1204 1500 1260 designare
1538 1218 1760 1246 conemur.
1792 1201 1915 1253 Quae

226 1278 536 1323 similitudines
572 1281 791 1337 quomodo
824 1281 1174 1337 interpretandae
1211 1280 1312 1329 sint,
1349 1284 1501 1336 postea
1527 1278 1799 1322 tractabitur.
1833 1277 1915 1320 Hic

226 1359 371 1397 autem
415 1360 545 1413 atque
580 1356 667 1399 illic
709 1356 794 1400 iam
837 1356 985 1400 statim
1031 1356 1071 1399 in
1112 1357 1192 1399 hoc
1236 1355 1379 1411 capite
1413 1371 1488 1398 eas
1521 1353 1919 1411 contemplabimur

224 1435 354 1487 atque
388 1432 562 1475 brevem
596 1432 1028 1475 dissertatiunculam
1063 1432 1385 1487 subiungemus

284 1507 501 1563 Apologia
547 1508 741 1564 Socratis
789 1508 1101 1563 Xenopliontei
1149 1508 1190 1550 in
1239 1512 1426 1564 quatuor
1469 1511 1616 1562 partes
1664 1505 1805 1549 divisa
1836 1510 1914 1548 est.

228 1582 522 1625 praemittitur
555 1583 595 1625 iu
632 1583 849 1638 Apologia
888 1583 1000 1625 Xen.
1033 1583 1315 1639 colloquium.
1350 1582 1594 1637 Quinquies
1633 1581 1763 1637 igitur
1798 1580 1913 1637 apud

226 1657 337 1700 Xen.
385 1658 426 1700 in
476 1658 602 1715 Apol.
654 1658 859 1702 Socrates
903 1659 1037 1702 verba
1078 1658 1195 1708 facit,
1235 1659 1297 1701 ita
1330 1663 1374 1700 ut
1407 1657 1550 1701 omnis
1583 1656 1780 1700 defensio
1814 1660 1914 1712 apte

225 1733 338 1776 hanc
371 1733 630 1777 divisionem
666 1734 892 1778 admittat:

322 1825 339 1867 I
383 1825 580 1869 Socratis
613 1842 709 1869 cum
748 1827 1028 1883 Hermogene
1062 1826 1327 1883 colloquium
1362 1825 1435 1880 ἐξ
1467 1825 1628 1869 3-10.

304 1917 343 1959 ΙΙ
386 1918 580 1961 Socratis
614 1924 715 1962 ante
748 1919 913 1962 iudices
946 1919 1085 1962 oratio
1120 1918 1194 1973 ξξ
1233 1919 1416 1961 11--22,

286 2010 343 2052 111
386 2010 493 2053 Litis
526 2011 880 2055 aestimationem
914 2017 1086 2055 recusat
1118 2010 1146 2066 ἓ
1174 2013 1243 2055 23.

439 2086 577 2138 (Quae
612 2088 746 2130 verba
777 2103 804 2130 a
836 2087 1133 2144 Xenophonte
1167 2103 1251 2130 non
1292 2085 1550 2138 traduntur).

283 2180 342 2222 IV
387 2181 687 2224 Innocentiam
721 2187 819 2238 post
852 2181 1180 2225 damnationem
1215 2179 1408 2223 defendit
1440 2177 1514 2233 ἐξ
1547 2176 1736 2220 24—027.

306 2273 338 2314 V
385 2273 551 2316 Abiens
583 2273 749 2317 amicos
781 2273 1021 2330 alloquitur
1053 2277 1094 2316 et
1120 2272 1361 2315 maximum
1399 2269 1700 2314 adversarium
1734 2267 1911 2310 deridet.

437 2392 600 2435 Contra
630 2392 826 2436 Platonis
859 2392 1079 2449 Apologia
1111 2392 1250 2434 tribus
1284 2389 1482 2447 partibus
1513 2391 1708 2431 constat:

253 2545 256 2547 ‚
324 2484 340 2526 Ι
380 2483 574 2527 Socratis
607 2484 746 2527 oratio
782 2484 968 2527 17—36.

303 2576 340 2618 ΙΙ
385 2576 506 2626 Quae
541 2577 674 2619 verba
707 2576 748 2618 in
782 2576 871 2619 litis
905 2574 1214 2619 aestimatione
1248 2573 1350 2617 facit
1384 2575 1440 2616 36
1458 2572 1616 2616 A—38
1635 2572 1684 2615 B.

283 2667 344 2709 ΠΙ
387 2667 509 2717 Quae
544 2672 639 2723 post
674 2667 999 2710 damnationem
1035 2665 1139 2709 dixit
1172 2664 1288 2722 apud
1322 2665 1486 2709 iudices
1518 2665 1762 2708 3813—42.

282 2784 330 2826 In
379 2785 460 2828 hac
508 2789 658 2828 nostra
705 2785 922 2828 divisione
965 2784 1193 2841 apparebit
1236 2784 1352 2840 apud
1389 2789 1621 2840 utrumque
1653 2782 1908 2840 scriptorem

225 2876 556 2917 nonnumquam
604 2861 756 2903 eadem
809 2888 858 2891 —
909 2860 1110 2902 similiter
1168 2865 1243 2902 aut
1300 2859 1426 2902 aliter
1466 2883 1523 2887 -
1574 2858 1659 2914 legi
1708 2859 1913 2902 diversis

223 2935 467 2991 Apologiae
502 2935 714 2991 partibus.
