2019 3299
1051 180 1105 227 14

224 312 227 318 '
297 302 361 346 Ex
393 303 500 347 locis
531 303 604 360 qui
637 304 744 348 haec
778 306 993 350 vocabula
1025 307 1229 351 exhibent
1263 308 1475 365 elegimus
1503 308 1577 366 qui
1609 315 1875 368 sequuntur:

298 378 428 435 Gorg.
475 379 614 422 491E
663 381 879 425 vocabula
924 383 1094 434 ἠλίθιος,
1140 386 1345 425 δουλεύειν
1377 390 1623 428 occurrunt.
1656 385 1709 429 de
1735 385 1924 443 Republ.

235 453 375 497 430ss
424 454 624 498 nominat
670 458 792 506 δόξαν
839 458 935 498 ἄνευ
983 460 1166 506 παιδείας
1213 465 1441 512 γεγονυῖαν,
1471 462 1542 512 τήν
1574 477 1610 500 τε
1641 463 1828 513 θηριώδη
1859 462 1924 502 καὶ

236 529 544 583 ἀνδραποδώδη.
576 530 675 574 Pari
707 536 838 589 atque
871 533 984 588 apud
1019 533 1359 591 Xenophontem
1393 535 1523 578 modo
1550 535 1665 592 apud
1693 535 1920 580 Platonem

236 604 388 662 Symp.
424 606 564 649 183A
602 622 758 651 servus
790 607 912 651 audit
944 608 1018 665 qui
1046 608 1152 653 inre
1170 610 1387 654 amatoria
1404 610 1920 668 cupiditatibusregitur3

234 682 299 720 καὶ
348 682 553 730 ἐθέλοντες
597 685 778 732 δουλείας
825 687 1032 725 δουλεύειν
1079 688 1164 734 οἴας
1212 685 1306 727 οὐδ’
1348 686 1398 726 ἂν
1431 690 1574 735 δοῦλος
1605 689 1748 735 οὐδείς.
1780 687 1921 730 Immo

235 755 276 798 in
324 756 426 813 Lys.
474 757 648 815 dialogo
695 774 869 816 quoque
911 760 984 803 ubi
1029 760 1232 805 Socrates
1274 761 1547 806 humanitate
1579 761 1794 820 perpolita
1822 777 1919 806 cum

231 831 561 876 adulescentulo
608 834 919 879 confabulatur
966 835 1308 892 disputationem
1367 837 1420 881 ad
1468 838 1654 881 eandem
1702 837 1920 882 famosam

231 909 605 965 comparationem
640 910 857 967 perducit:
892 911 994 968 Lys⁴
1028 912 1114 956 203
1134 912 1167 955 Β
1200 914 1265 953 καὶ
1299 915 1460 965 δοῦλον,
1485 914 1536 961 ὡς
1563 914 1704 963 ἔοικεν,
1728 913 1921 967 ἡγοῦνται

232 985 320 1036 περὶ
351 987 531 1033 πλείονος
564 986 589 1038 ἢ
622 986 663 1026 σὲ
695 988 762 1027 τὸν
794 989 895 1028 υἱόν.

289 1060 411 1104 Idem
443 1060 627 1104 Phaedr.
660 1061 748 1105 238
767 1061 814 1112 Ε,
846 1062 933 1106 252
951 1062 1004 1106 A.

291 1136 389 1180 Huc
435 1136 539 1180 facit
585 1151 759 1194 quoque
808 1136 1059 1181 Alcibiades
1108 1142 1276 1182 moeste
1322 1144 1362 1182 et
1409 1139 1521 1183 tristi
1568 1138 1718 1183 animo
1754 1155 1801 1183 se
1834 1144 1920 1184 met

230 1211 375 1268 ipsum
424 1228 499 1269 pro
548 1213 686 1256 nihilo
734 1214 903 1258 habens
950 1214 1104 1272 Symp.
1151 1215 1260 1259 215:
1308 1216 1332 1268 ἡ
1380 1218 1489 1269 ψυχὴ
1522 1241 1578 1246 -
1610 1217 1821 1270 ἠγηνάκτει
1867 1218 1919 1266 ὡς

228 1289 553 1340 ἀνδραποδωδῶς
614 1292 883 1343 διακειμένου.
940 1290 1063 1342 Quae
1121 1292 1353 1342 sententia,
1411 1308 1524 1350 quae
1578 1292 1794 1336 vocabula
1833 1307 1920 1336 non

229 1369 331 1408 sunt
375 1365 617 1410 Alcibiadis
665 1367 853 1424 propria,
902 1368 977 1411 sed
1025 1383 1047 1411 e
1091 1368 1243 1412 schola
1281 1367 1476 1412 Socratis
1521 1373 1561 1412 et
1593 1367 1917 1413 Socraticorum

228 1440 475 1497 desumpta.

285 1515 350 1558 Ex
381 1517 544 1564 talibus
579 1517 805 1562 vocabulis
834 1533 919 1562 non
955 1519 1148 1576 benigna
1179 1519 1341 1564 lenitas
1374 1525 1413 1564 et
1447 1520 1664 1564 benevola
1689 1520 1917 1565 urbanitas

228 1593 501 1650 perspicitur,
560 1596 634 1639 sed
683 1611 840 1639 severa
886 1596 1064 1640 tristitia
1110 1602 1151 1640 et
1197 1598 1513 1641 sententiarum
1562 1596 1778 1654 asperitas
1824 1596 1919 1640 duri

225 1669 477 1727 philosophi
524 1671 598 1728 qui
645 1686 730 1715 non
778 1671 966 1728 ignoscit
1008 1673 1084 1716 sed
1128 1673 1407 1717 condemnat.
1450 1673 1586 1717 Cuius
1621 1673 1754 1716 verba
1784 1687 1916 1728 saepe

225 1750 329 1788 sunt
363 1747 558 1790 verbera.

283 1820 391 1864 Item
440 1821 482 1865 in
530 1822 715 1866 Theaet.
770 1824 849 1867 172
880 1840 990 1882 sqq„
1040 1824 1271 1868 notissimo
1317 1824 1427 1875 loco,
1470 1840 1557 1882 quo
1591 1824 1916 1868 demonstratur

224 1901 437 1953 quantum
470 1897 639 1941 intersit
672 1898 783 1942 inter
817 1915 942 1943 veros
977 1899 1264 1957 philosophos
1301 1905 1342 1943 et
1373 1900 1620 1944 causidicos
1651 1927 1701 1932 —
1733 1916 1808 1944 eos
1839 1900 1914 1958 qui

225 1973 512 2017 versatissimi
545 1980 645 2018 sunt
682 1976 723 2018 in
758 1977 907 2020 causis
940 1982 981 2020 et
1013 1978 1144 2021 rebus
1177 1977 1415 2021 iudiciariis
1448 2004 1512 2028 -‚
1539 1978 1747 2035 superbia
1778 1978 1914 2035 philo-

223 2049 350 2105 sophi
382 2051 634 2095 translucet.
671 2053 765 2096 Hoc
798 2058 945 2096 autem
979 2053 1076 2097 loco
1109 2054 1249 2111 ipsius
1276 2053 1471 2116 Socratis
1499 2059 1709 2105 causa‚et
1725 2054 1915 2098 fortasse

223 2124 316 2168 eius
348 2131 450 2169 ante
476 2126 642 2171 iudices
666 2129 805 2172 oratio
835 2134 875 2173 et
904 2129 1094 2180 habitus,
1120 2130 1291 2187 respici,
1316 2146 1402 2174 non
1422 2130 1619 2187 estquod
1638 2145 1908 2174 moneamus,

286 2201 366 2243 172
384 2201 429 2245 C.
479 2206 803 2245 Κινδυνεύουσιν
850 2208 892 2246 οἱ
935 2207 976 2246 ἐν
1024 2208 1293 2259 δικαστηρίοις
1339 2242 1393 2246 -

1594 2207 1692 2259 πρὸς
1738 2208 1829 2255 τοὺς
1870 2207 1912 2247 ἐν

340 2282 558 2335 φιλοσοφία
576 2281 878 2333 τεθραμμένους
895 2282 951 2322 ὡσ
977 2283 1179 2323 οἰκέται
1204 2299 1303 2335 προς
1326 2283 1649 2335 ἐλευθέρους
1667 2284 1913 2334 τεθράφθαι.

289 2354 370 2398 173
389 2355 440 2398 A.
504 2357 660 2409 σμικροὶ
700 2360 741 2397 δὲ
782 2358 848 2398 καὶ
890 2359 964 2399 οὐκ
997 2358 1116 2412 ὀρθοὶ
1147 2359 1217 2399 τὰσ
1249 2360 1395 2411 ψυχάς,
1426 2373 1527 2401 nam
1566 2360 1607 2399 τὸ
1639 2359 1854 2411 ἐλεύθερον
1884 2357 1909 2410 ἡ

338 2433 379 2472 ἐκ
413 2432 510 2472 νέων
544 2434 704 2472 δουλεία
734 2433 948 2489 ἀφῄρηται.

281 2507 361 2550 175
383 2507 430 2550 Β.
479 2508 523 2546 τὰ
556 2507 626 2559 μὲν
659 2509 929 2561 ὑπερηφάνως
963 2510 1075 2562 ἔχων,
1106 2509 1161 2549 ὡσ
1195 2510 1376 2560 ὁοκεῑ,τὰ
1394 2507 1428 2549 δ’
1460 2509 1502 2549 ἐν
1519 2510 1638 2550 ποσὶν
1656 2509 1814 2563 ἀγνοῶν
1831 2514 1906 2549 κτλ.

279 2581 460 2625 Maximi
493 2586 639 2625 autem
666 2582 908 2633 momenti:

283 2658 365 2701 174
384 2658 431 2700 D.
496 2659 536 2697 ἕν
584 2674 621 2697 τε
666 2664 746 2706 τοῖς
793 2660 972 2707 ἐπαίνοις
1019 2660 1085 2699 καὶ
1132 2664 1214 2707 ταῖς
1261 2668 1336 2699 τῶν
1374 2660 1502 2699 ἄλλων
1535 2662 1828 2713 μεγαλαυχίαις,
1858 2660 1906 2700 οὐ

334 2735 625 2785 προσποιήτως,
682 2734 778 2773 ἀλλὰ
825 2743 875 2790 τῷ
925 2734 1008 2774 ὄντι
1052 2739 1177 2787 γελῶν
1224 2736 1389 2786 ἔνδηλος
1441 2737 1676 2788 γιγνόμενος
1723 2737 1906 2788 ληρώδης

337 2812 449 2849 δοκεῖ
476 2806 589 2848 εἶναι.

276 2884 509 2928 Praeterea
549 2883 752 2940 legantur
784 2884 968 2929 acerbae
1000 2884 1355 2942 comparationes
1390 2885 1473 2929 174
1491 2886 1540 2929 D.
1559 2885 1624 2936 Ε.,
1655 2886 1737 2930 175
1756 2886 1808 2930 A.
1838 2886 1904 2937 B.‚

339 2959 421 3003 175
438 2958 486 3002 E.
