2019 3299
1031 184 1085 227 70

195 311 289 357 ’ἕως
332 312 475 358 ἔξεστιν
520 310 623 353 milii
670 310 839 352 videtur
881 309 1115 352 admodum
1161 307 1360 363 simplex.
1407 307 1457 349 Et
1500 307 1541 349 in
1588 306 1727 362 priore
1759 305 1901 362 capite

221 384 407 428 vidimus
465 385 505 427 in
565 384 798 428 Phaedone
842 383 1068 426 Socratem
1117 398 1215 425 cum
1264 382 1418 425 amicis
1467 381 1595 436 longe
1644 380 1770 424 aliter
1817 383 1901 420 ὸια-

220 465 497 512 μυθολογῆσαι
510 459 517 501 l

280 533 366 577 Sed
400 534 510 577 haec
541 533 774 576 sufficiant.
809 532 937 589 Apud
971 532 1311 587 Xenophontem
1346 530 1495 573 omnia
1525 534 1625 586 apte
1657 530 1905 573 decurrunt.

221 610 383 652 Contra
415 609 531 665 apud
566 609 792 652 Platonem
829 608 870 650 in
905 607 986 651 hac
1014 607 1181 650 omissa
1213 605 1430 650 daemonii
1464 605 1779 648 intercessione
1801 619 1904 647 non-

223 684 330 727 nihil
363 684 575 741 displicet.

293 835 309 877 I
344 834 552 878 Suaviter
599 832 910 876 confabulatur
957 833 1008 876 de
1056 831 1288 876 daemonio
1331 831 1447 886 quod
1490 830 1691 873 columen
1731 844 1907 874 accusa-

402 909 533 952 tionis
567 914 674 952 erat.

277 1018 313 1060 ΙΙ
346 1017 506 1061 Narrat
546 1022 599 1059 ea'
638 1031 751 1073 quae
793 1021 893 1059 sunt
936 1014 1154 1058 interioris
1196 1014 1390 1063 notitiae,
1435 1012 1583 1070 qualia
1624 1028 1722 1055 cum
1757 1011 1910 1056 amicis

402 1107 501 1134 eum
544 1090 897 1134 communicasse
930 1090 1071 1146 magis
1103 1089 1306 1132 credibile
1340 1093 1405 1132 est
1437 1103 1570 1145 quam
1598 1087 1713 1144 apud
1747 1086 1912 1130 iudices

402 1166 576 1210 referre.

254 1275 314 1317 ΙΙΙ
348 1274 637 1318 Daemonium
682 1281 772 1318 tum
820 1289 1065 1331 repugnare
1108 1289 1237 1330 posse
1281 1277 1459 1329 putatur
1496 1288 1594 1315 cum
1627 1270 1912 1327 repugnando

406 1349 514 1393 nihil
545 1366 676 1407 agere
712 1356 865 1407 potest.

254 1461 311 1503 IV
347 1459 599 1517 Separatim
632 1459 799 1504 iudices
832 1460 1074 1516 alloquitur
1106 1459 1326 1503 Socrates.

409 1716 436 1770 ξ
469 1717 509 1759 3.
573 1715 619 1758 ss.
673 1715 743 1758 De
792 1715 1108 1772 Apologiae
1160 1714 1641 1758 commentatione
1689 1718 1739 1756 et

880 1790 1271 1834 meditatione.

232 1964 361 2019 Apol.
392 1964 505 2008 Xen.
537 1966 578 2008 3.

295 2041 380 2079 Οὐκ
423 2041 540 2092 ἐχρῆν
587 2041 719 2091 μέντοι
766 2046 943 2092 σκοπεῖν,
984 2038 1013 2080 ὦ

232 2117 456 2165 Σώκρατες,
481 2115 546 2155 καὶ
575 2117 595 2155 ὅ
618 2132 652 2155 τι
670 2116 930 2167 ἀπολογήσεις
947 2116 1014 2155 τὸν
1077 2112 1079 2148 ss

234 2191 276 2230 δὲ
317 2192 358 2230 τὸ
399 2190 469 2241 μὲν
512 2199 669 2241 πρῶτον
702 2191 1015 2242 ἀποκρίνασθαι·

236 2267 386 2318 Οὐγὰρ
407 2268 511 2306 δοκῶ
531 2280 592 2306 σοι
626 2266 1016 2318 ἀπολογεῖσθαι

235 2346 456 2391 μελετῶν
485 2342 1015 2392 διαβεβιωκέναι;ἐπεὶ

236 2414 274 2455 δ’
310 2416 432 2456 αὐτὸν
505 2416 678 2467 ἐρέσθαι”
758 2420 873 2464 Πῶς-ς
931 2416 1016 2456 ““Ὀτι

236 2490 395 2531 οὐδὲν
463 2491 652 2530 ἄδικον
713 2493 1015 2544 διαγεγένη-

237 2583 324 2617 μαι
384 2574 558 2606 ποιών·
622 2568 780 2617 ἤνπερ
828 2569 1015 2618 νομίζω

238 2642 458 2692 μελέτην
547 2639 685 2680 εἶναι
733 2645 1016 2693 καλλίστην

238 2716 539 2767 ἀπολογίας.

1142 1963 1270 2021 Apol.
1303 1962 1414 2006 Plat.
1453 1963 1503 2006 17
1541 1962 1683 2006 ss—C.

1199 2041 1246 2080 οὐ
1294 2039 1428 2090 μέντοι
1475 2041 1528 2090 μὰ
1576 2042 1667 2090 Δία,
1712 2035 1741 2077 ὦ
1779 2038 1920 2087 ἄνδρες

1142 2120 1362 2167 Ἀθηναῖοι,
1430 2114 1814 2165 κεκαλλιεπημένους
1879 2129 1921 2165 γε

1142 2192 1298 2243 λόγους,
1338 2191 1467 2241 ὥσπερ
1510 2191 1551 2229 οἱ
1583 2192 1745 2240 τούτων,
1775 2189 1925 2241 ῥήμασί

1144 2282 1181 2306 τε
1219 2267 1283 2305 καὶ
1317 2265 1510 2315 ὀνόμασιν
1558 2264 1652 2305 οὐδὲ
1683 2263 1923 2314 κεκοσμημέ-

1145 2358 1252 2391 νους,
1313 2339 1391 2380 ἀλλ’
1454 2341 1753 2380 ἀκούσεσθε
1809 2339 1921 2392 εἰκῇ

1079 2420 1080 2427 ’
1143 2418 1398 2468 λεγόμενα
1440 2421 1546 2462 τοῖς
1581 2415 1922 2466 ἐπιτυχοῦσιν

1144 2491 1411 2542 ὀνόμασιν·
1444 2492 1613 2529 πιστεύω
1645 2490 1719 2542 γὰρ
1747 2490 1922 2527 δίκαια

1146 2564 1282 2606 εἶναι
1317 2566 1341 2605 ἑὲ
1382 2567 1521 2618 λέγω,
1563 2565 1627 2604 καὶ
1659 2563 1794 2616 μηδεὶς
1812 2567 1924 2607 ὑμῶν

1144 2644 1457 2692 προσδοκησάτω
1499 2641 1634 2687 ἄλλως·
1669 2639 1791 2679 οὐδὲ
1832 2638 1923 2691 γὰρ

1147 2716 1206 2754 ἂν
1256 2718 1424 2765 ὸὴπου
1472 2716 1678 2766 πρέποι,
1710 2711 1739 2754 ὦ
1771 2714 1926 2761 ἀνδρες,

1148 2794 1238 2846 τῇὸε
1293 2799 1335 2846 τῇ
1383 2790 1514 2844 ἡλικία
1563 2794 1692 2838 ὥσπερ
1739 2789 1924 2842 μειρακίῳ

1147 2868 1428 2905 πλάττοντι
1470 2866 1658 2916 λόγους
1692 2865 1762 2911 εἰς
1798 2864 1923 2912 ὑμᾶς

1149 2942 1385 2981 εἰσιέναι.
