2019 3299
1034 172 1114 214 106

683 412 710 468 ἓ
748 415 813 457 15.
879 414 933 458 H.
979 416 1125 470 Περὶ
1172 418 1462 467 παιδείας.

290 550 602 596 Controversia
631 569 806 611 quoque
838 560 933 599 orta
950 561 1017 599 est
1036 556 1087 600 de
1109 557 1196 600 alio
1220 557 1330 607 1000,
1354 557 1425 614 qui
1447 558 1708 601 vocabulum
1728 558 1914 608 exhibet,

231 627 345 682 quod
381 627 485 670 viris
512 628 649 671 doctis
681 630 978 687 suspicionem
1013 632 1163 675 movit.
1219 626 1223 631 Χ

290 701 338 744 In
372 702 483 746 Xen.
517 703 645 760 Apol.
679 706 736 748 20
768 705 974 750 Socrates
1003 707 1181 751 totidem
1202 708 1347 752 verbis
1365 708 1595 752 confitetur
1611 709 1913 753 educationem

232 781 271 819 et
313 776 634 822 institutionem
681 780 763 824 sibi
797 797 927 825 curae
960 782 1112 831 fuisse,
1147 784 1261 827 hanc
1296 789 1433 827 artem
1467 799 1595 827 suam
1628 783 1780 835 fuisse,
1814 784 1914 829 huic

231 868 277 894 se
309 853 543 905 studuisse,
577 855 619 899 in
655 856 735 900 hac
762 873 809 900 se
837 859 1084 902 exercuisse
1111 864 1151 902 et
1180 875 1205 903 a
1234 860 1456 903 nonnullis
1475 860 1727 904 hominibus
1745 865 1916 916 praeter

228 928 340 972 alios
388 930 574 986 peritum
622 932 821 976 habitum
870 949 996 977 esse:
1044 934 1238 988 ὁμολογῶ,
1278 939 1366 986 περί
1396 952 1438 989 γε
1470 938 1663 985 παιδείας·
1695 945 1809 978 τοῦτο
1841 940 1914 991 γὰρ

228 1005 360 1045 ἴσασιν
393 1007 477 1058 ἐμοὶ
508 1011 724 1059 μεμεληκός
755 1024 791 1051 e.
825 1025 865 1065 q.
899 1025 956 1058 s.;
992 1008 1019 1065 ξ
1052 1010 1105 1052 21
1145 1012 1234 1063 περὶ
1265 1013 1448 1059 παιδείας
1480 1012 1676 1064 βέλτιστος
1707 1010 1809 1052 εἶναι
1835 1013 1914 1053 ὑπό

229 1097 348 1120 τινων
379 1085 664 1134 προκρίνομαι;
696 1085 723 1139 ᾗ
755 1085 811 1127 26
844 1092 988 1136 προῖκα
1024 1089 1235 1127 διδάσκων.

289 1155 452 1201 Contra
492 1158 591 1201 aliis
632 1159 740 1203 locis
782 1165 822 1203 et
865 1162 979 1218 apud
1018 1162 1358 1219 Xenophontem
1392 1168 1432 1206 et
1462 1163 1578 1220 apud
1610 1163 1839 1206 Platonem
1872 1163 1913 1207 id

228 1231 372 1288 ipsum
423 1248 581 1289 negare
629 1235 819 1279 videtur:
869 1236 982 1280 Xen.
1025 1237 1154 1280 Mem.
1199 1237 1229 1281 l.
1272 1238 1311 1280 2.
1355 1239 1395 1281 3.
1429 1240 1556 1278 καίτοι
1587 1255 1628 1292 γε
1660 1241 1915 1280 οὐδεπώποτε

228 1308 415 1361 ὑπέσχετο
459 1312 697 1360 διδάσκαλος
738 1310 850 1352 εἶναι.
902 1313 1013 1356 Plat.
1057 1313 1184 1369 Apol.
1218 1314 1273 1357 33
1293 1314 1344 1356 A.
1380 1315 1453 1367 ἐγὼ
1487 1314 1528 1354 ὸὲ
1566 1316 1806 1363 διδάσκαλος
1842 1315 1914 1366 μὲν

228 1385 394 1433 οὐδενὸς
428 1385 572 1426 πώποτ’
608 1388 812 1441 ἐγενόμην.
856 1388 966 1432 Plal.
995 1389 1123 1445 Apol.
1155 1390 1207 1438 19
1227 1389 1277 1432 D.
1311 1390 1361 1437 ὡς
1398 1390 1472 1442 ἐγὼ
1504 1392 1710 1430 παιδεύειν
1737 1391 1914 1443 ἐπιχειρῶ

228 1460 472 1511 ἀνθρώπους
518 1463 582 1502 καὶ
628 1466 806 1516 χρήματα
853 1468 1085 1516 πράττομαι,
1136 1465 1230 1506 οὐδὲ
1277 1473 1390 1505 τοῦτο
1434 1465 1593 1518 ἀληθὲς.
1636 1465 1746 1510 Plat.
1784 1466 1912 1523 Apol.

227 1536 277 1578 21
303 1536 350 1579 Β.
386 1538 474 1578 οὔτε
519 1539 617 1591 μέγα
664 1540 753 1579 οὔτε
800 1542 967 1592 σμικρὸν
1013 1543 1181 1589 ξύνοιδα
1227 1541 1382 1596 ἐμαυτῷ
1426 1542 1549 1591 σοφὸς
1600 1543 1671 1594 ὤν,
1700 1540 1754 1586 cf.
1787 1542 1840 1585 21
1862 1542 1911 1585 D.

228 1611 339 1655 Plat.
373 1613 555 1657 Theaet.
597 1616 675 1658 [50
694 1615 739 1659 C.
772 1617 917 1670 ἄγονός
950 1619 1028 1669 εἶμι
1059 1621 1215 1668 σοφίας.

288 1688 414 1732 Hanc
447 1689 786 1746 discrepantiam
820 1707 924 1747 prae
955 1708 1002 1735 se
1037 1691 1183 1735 ferens
1215 1692 1283 1736 Fr.
1317 1692 1567 1750 Beyschlag
1593 1692 1620 1736 l.
1648 1692 1674 1736 l.
1703 1708 1790 1735 non
1818 1692 1912 1736 sine

226 1768 416 1824 quadam
450 1768 743 1811 ostentatione
776 1769 857 1812 hoc
890 1785 976 1812 uno
1009 1770 1142 1813 verbo
1173 1774 1311 1814 totam
1339 1769 1601 1827 Apologiam
1628 1767 1915 1825 Xenophonti

226 1843 562 1887 abiudicandam
621 1850 791 1888 censet:
853 1846 985 1900 „zwei
1032 1845 1209 1889 VVorter
1233 1846 1276 1899 ¹),
1325 1846 1393 1890 die
1447 1863 1493 1890 es
1541 1845 1778 1894 verbieten,
1830 1845 1911 1888 den

229 1918 402 1962 Bericht
449 1919 518 1962 fur
564 1919 836 1970 Sokratisch,
878 1921 927 1977 ja
973 1921 1084 1964 noch
1134 1921 1269 1970 mehr,
1318 1921 1386 1964 die
1428 1921 1643 1978 Apologie
1676 1920 1812 1964 selbst
1843 1919 1913 1963 fiir

227 1993 592 2052 Xenophontisch
627 2012 677 2038 zu
711 1996 904 2040 halten’'.

287 2071 429 2128 Magis
462 2077 607 2115 autem
641 2072 692 2115 de
729 2074 949 2117 vocabulo
980 2088 1112 2130 quam
1146 2074 1197 2117 de
1230 2088 1279 2117 re
1312 2078 1545 2130 pugnatur.
1583 2072 1769 2116 Multum
1802 2071 1914 2114 inter

225 2162 270 2189 se
303 2147 529 2203 sophistae
562 2152 604 2190 et
635 2148 841 2192 Socrates
874 2148 1147 2193 differebant.
1183 2149 1250 2192 Illi
1284 2149 1470 2206 pecunia
1501 2153 1639 2193 artem
1667 2147 1912 2196 tradebant,

227 2228 438 2279 quaestus
483 2239 618 2267 causa
658 2224 1100 2281 philosophabantur.
1137 2225 1343 2268 Socrates
1377 2240 1462 2268 non
1497 2226 1613 2267 item.
1647 2223 1715 2267 Illi
1746 2223 1913 2280 praedi-

226 2298 385 2341 cabant
427 2298 609 2342 iuvenes
652 2300 760 2343 nihil
803 2315 888 2343 non
924 2316 949 2344 a
980 2316 1027 2343 se
1059 2300 1216 2349 doceri,
1253 2300 1458 2343 omnibus
1489 2299 1697 2343 doctrinis
1731 2298 1910 2347 erudiri:

226 2373 430 2417 Socrates
477 2374 586 2418 nihil
633 2377 902 2429 ἐπηγγέλλετο,
947 2392 1089 2433 neque
1136 2376 1420 2433 profitebatur
1467 2391 1494 2419 a
1549 2391 1594 2419 se
1645 2389 1910 2433 quemquam

226 2449 411 2493 alicuius
458 2450 565 2494 artis
610 2451 794 2508 peritum
843 2452 959 2500 fieri;
1004 2451 1235 2509 pecuniam
1277 2452 1409 2508 igitur
1441 2467 1527 2494 non
1560 2450 1823 2506 accipiebat;
1856 2450 1911 2494 ab

228 2526 309 2569 hac
355 2541 457 2582 ergo
504 2533 625 2582 parte
674 2527 897 2583 magistris
944 2527 1223 2571 adnumerari
1267 2543 1352 2570 non
1386 2531 1571 2583 poterat.
1604 2526 1734 2591 Nunc
1764 2530 1912 2569 autem

226 2601 463 2658 quaeritur,
496 2602 599 2659 quid
631 2603 775 2653 fuerit,
808 2604 923 2661 quod
956 2608 1017 2646 tot
1049 2603 1233 2646 iuvenes
1266 2618 1366 2646 eum
1399 2607 1687 2651 sectarentur,
1721 2601 1912 2658 Megara,

225 2677 391 2720 Thebis
425 2678 636 2726 venirent,
675 2679 739 2721 vel
773 2679 966 2736 quotidie
999 2694 1026 2722 a
1063 2678 1216 2722 Piraeo
1250 2678 1449 2722 Athenas
1482 2678 1563 2721 iter
1598 2677 1807 2721 facerent.

286 2752 455 2810 Nempe
503 2754 557 2796 ab
607 2770 657 2797 eo
705 2770 751 2797 se
794 2754 968 2808 erudiri,
1002 2754 1096 2798 eius
1130 2754 1392 2810 praesentia,
1426 2753 1520 2797 eius
1553 2753 1681 2797 factis
1713 2760 1753 2797 et
1785 2752 1910 2796 dictis

273 2900 295 2941 ¹)
322 2899 453 2933 Altera
480 2912 560 2934 voxv
585 2913 680 2943 quae
706 2900 907 2935 offensioni
935 2903 1024 2936 erat.
1050 2913 1163 2945 supra
1191 2903 1351 2934 tractata
1376 2902 1434 2934 est
1458 2899 1562 2946 (Cap.
1586 2899 1730 2943 primo.)
1751 2903 1913 2931 ἐπὶὸουλο-

232 2968 342 3002 πρεπεῖ
365 2963 515 3003 διατριβῇ.
