<?xml version="1.0" encoding="UTF-8"?>
<!DOCTYPE html PUBLIC "-//W3C//DTD XHTML 1.0 Transitional//EN"
    "http://www.w3.org/TR/xhtml1/DTD/xhtml1-transitional.dtd">
<html xmlns="http://www.w3.org/1999/xhtml" xml:lang="en" lang="en">
 <head>
  <title>
</title>
<meta http-equiv="Content-Type" content="text/html;charset=utf-8" />
  <meta name='ocr-system' content='tesseract 3.04.00' />
  <meta name='ocr-capabilities' content='ocr_page ocr_carea ocr_par ocr_line ocrx_word'/>
</head>
<body>
  <div class='ocr_page' id='page_1' title='image "./deapologiaxenoph00vrijuoft_0043.png"; bbox 0 0 2019 3299; ppageno 0'>
   <div class='ocr_carea' id='block_1_1' title="bbox 896 186 946 227">
    <p class='ocr_par' dir='ltr' id='par_1_1' title="bbox 896 186 946 227">
     <span class='ocr_line' id='line_1_1' title="bbox 896 186 946 227; baseline 0 0"><span class='ocrx_word' id='word_1_1' title='bbox 896 186 946 227; x_wconf 78' lang='lat'>19</span> 
     </span>
    </p>
   </div>
   <div class='ocr_carea' id='block_1_2' title="bbox 51 305 1755 894">
    <p class='ocr_par' dir='ltr' id='par_1_2' title="bbox 51 305 1755 894">
     <span class='ocr_line' id='line_1_2' title="bbox 71 305 1747 369; baseline -0.005 -14"><span class='ocrx_word' id='word_1_2' title='bbox 71 311 284 369; x_wconf 79' lang='lat' dir='ltr'>asperitas</span> <span class='ocrx_word' id='word_1_3' title='bbox 316 310 353 354; x_wconf 87' lang='lat' dir='ltr'>ei</span> <span class='ocrx_word' id='word_1_4' title='bbox 385 326 482 353; x_wconf 90' lang='lat' dir='ltr'>cum</span> <span class='ocrx_word' id='word_1_5' title='bbox 516 309 674 353; x_wconf 76' lang='lat' dir='ltr'><strong>Stoicis</strong></span> <span class='ocrx_word' id='word_1_6' title='bbox 706 309 950 352; x_wconf 89' lang='lat' dir='ltr'>communis</span> <span class='ocrx_word' id='word_1_7' title='bbox 982 313 1073 351; x_wconf 86' lang='lat' dir='ltr'>erat</span> <span class='ocrx_word' id='word_1_8' title='bbox 1122 308 1250 351; x_wconf 88' lang='lat' dir='ltr'>Hunc</span> <span class='ocrx_word' id='word_1_9' title='bbox 1282 308 1521 355; x_wconf 77' lang='lat' dir='ltr'>Socratem,</span> <span class='ocrx_word' id='word_1_10' title='bbox 1543 305 1617 363; x_wconf 91' lang='lat' dir='ltr'>qui</span> <span class='ocrx_word' id='word_1_11' title='bbox 1637 305 1747 349; x_wconf 90' lang='lat' dir='ltr'>adeo</span> 
     </span>
     <span class='ocr_line' id='line_1_3' title="bbox 72 380 1752 441; baseline -0.005 -11"><span class='ocrx_word' id='word_1_12' title='bbox 72 387 260 430; x_wconf 79' lang='lat' dir='ltr'>fanatice</span> <span class='ocrx_word' id='word_1_13' title='bbox 306 385 568 429; x_wconf 88' lang='lat' dir='ltr'>sententiam</span> <span class='ocrx_word' id='word_1_14' title='bbox 627 384 817 441; x_wconf 85' lang='lat' dir='ltr'>protulit,</span> <span class='ocrx_word' id='word_1_15' title='bbox 865 384 1115 440; x_wconf 85' lang='lat' dir='ltr'>superbum,</span> <span class='ocrx_word' id='word_1_16' title='bbox 1164 383 1371 426; x_wconf 88' lang='lat' dir='ltr'>acerbum</span> <span class='ocrx_word' id='word_1_17' title='bbox 1419 397 1550 437; x_wconf 87' lang='lat' dir='ltr'>saepe</span> <span class='ocrx_word' id='word_1_18' title='bbox 1598 380 1752 429; x_wconf 88' lang='lat' dir='ltr'>fuisse,</span> 
     </span>
     <span class='ocr_line' id='line_1_4' title="bbox 74 457 1753 518; baseline -0.004 -13"><span class='ocrx_word' id='word_1_19' title='bbox 74 477 158 505; x_wconf 93' lang='lat' dir='ltr'>non</span> <span class='ocrx_word' id='word_1_20' title='bbox 190 466 255 505; x_wconf 88' lang='lat' dir='ltr'>est</span> <span class='ocrx_word' id='word_1_21' title='bbox 286 462 402 518; x_wconf 91' lang='lat' dir='ltr'>quod</span> <span class='ocrx_word' id='word_1_22' title='bbox 438 461 657 504; x_wconf 88' lang='lat' dir='ltr'>miremur.</span> <span class='ocrx_word' id='word_1_23' title='bbox 691 461 888 504; x_wconf 92' lang='lat' dir='ltr'>Eundem</span> <span class='ocrx_word' id='word_1_24' title='bbox 917 465 1063 503; x_wconf 85' lang='lat' dir='ltr'>autem</span> <span class='ocrx_word' id='word_1_25' title='bbox 1093 460 1310 502; x_wconf 87' lang='lat' dir='ltr'>urbanum</span> <span class='ocrx_word' id='word_1_26' title='bbox 1338 459 1380 501; x_wconf 91' lang='lat' dir='ltr'>in</span> <span class='ocrx_word' id='word_1_27' title='bbox 1406 458 1599 506; x_wconf 91' lang='lat' dir='ltr'>modum,</span> <span class='ocrx_word' id='word_1_28' title='bbox 1619 457 1753 499; x_wconf 89' lang='lat' dir='ltr'>immo</span> 
     </span>
     <span class='ocr_line' id='line_1_5' title="bbox 72 533 1753 593; baseline -0.002 -14"><span class='ocrx_word' id='word_1_29' title='bbox 72 536 409 593; x_wconf 79' lang='lat' dir='ltr'>elegantissime,</span> <span class='ocrx_word' id='word_1_30' title='bbox 457 536 584 593; x_wconf 84' lang='lat' dir='ltr'>quasi</span> <span class='ocrx_word' id='word_1_31' title='bbox 625 535 916 579; x_wconf 87' lang='lat' dir='ltr'>subtilissima</span> <span class='ocrx_word' id='word_1_32' title='bbox 958 535 1147 592; x_wconf 86' lang='lat' dir='ltr'>quadam</span> <span class='ocrx_word' id='word_1_33' title='bbox 1208 533 1349 577; x_wconf 89' lang='lat' dir='ltr'>ironia</span> <span class='ocrx_word' id='word_1_34' title='bbox 1395 533 1609 581; x_wconf 88' lang='lat' dir='ltr'>indutum,</span> <span class='ocrx_word' id='word_1_35' title='bbox 1656 548 1753 576; x_wconf 91' lang='lat' dir='ltr'>cum</span> 
     </span>
     <span class='ocr_line' id='line_1_6' title="bbox 74 607 1752 668; baseline -0.003 -15"><span class='ocrx_word' id='word_1_36' title='bbox 74 610 324 654; x_wconf 88' lang='lat' dir='ltr'>hominibus</span> <span class='ocrx_word' id='word_1_37' title='bbox 373 611 567 668; x_wconf 87' lang='lat' dir='ltr'>potuisse</span> <span class='ocrx_word' id='word_1_38' title='bbox 611 610 813 667; x_wconf 80' lang='lat' dir='ltr'>colloqui.</span> <span class='ocrx_word' id='word_1_39' title='bbox 856 616 896 653; x_wconf 88' lang='lat' dir='ltr'>et</span> <span class='ocrx_word' id='word_1_40' title='bbox 936 626 988 652; x_wconf 87' lang='lat' dir='ltr'>ex</span> <span class='ocrx_word' id='word_1_41' title='bbox 1032 609 1327 666; x_wconf 83' lang='lat' dir='ltr'>Xenophonte</span> <span class='ocrx_word' id='word_1_42' title='bbox 1369 607 1460 662; x_wconf 82' lang='lat' dir='ltr'>(ubi</span> <span class='ocrx_word' id='word_1_43' title='bbox 1499 624 1534 650; x_wconf 85' lang='lat' dir='ltr'>e.</span> <span class='ocrx_word' id='word_1_44' title='bbox 1568 623 1606 663; x_wconf 87' lang='lat' dir='ltr'>g.</span> <span class='ocrx_word' id='word_1_45' title='bbox 1656 622 1752 649; x_wconf 88' lang='lat' dir='ltr'>cum</span> 
     </span>
     <span class='ocr_line' id='line_1_7' title="bbox 72 683 1755 743; baseline -0.003 -14"><span class='ocrx_word' id='word_1_46' title='bbox 72 691 227 738; x_wconf 83' lang='lat' dir='ltr'>scorto,</span> <span class='ocrx_word' id='word_1_47' title='bbox 275 702 372 729; x_wconf 92' lang='lat' dir='ltr'>cum</span> <span class='ocrx_word' id='word_1_48' title='bbox 430 686 711 743; x_wconf 89' lang='lat' dir='ltr'>Euthydemo</span> <span class='ocrx_word' id='word_1_49' title='bbox 764 685 1076 729; x_wconf 85' lang='lat' dir='ltr'>confabulatur</span> <span class='ocrx_word' id='word_1_50' title='bbox 1122 689 1163 727; x_wconf 86' lang='lat' dir='ltr'>et</span> <span class='ocrx_word' id='word_1_51' title='bbox 1208 683 1432 740; x_wconf 89' lang='lat' dir='ltr'>disputat),</span> <span class='ocrx_word' id='word_1_52' title='bbox 1481 687 1520 725; x_wconf 91' lang='lat' dir='ltr'>et</span> <span class='ocrx_word' id='word_1_53' title='bbox 1568 698 1619 725; x_wconf 87' lang='lat' dir='ltr'>ex</span> <span class='ocrx_word' id='word_1_54' title='bbox 1665 687 1755 724; x_wconf 87' lang='lat' dir='ltr'>toto</span> 
     </span>
     <span class='ocr_line' id='line_1_8' title="bbox 72 758 1753 816; baseline -0.003 -12"><span class='ocrx_word' id='word_1_55' title='bbox 72 761 254 806; x_wconf 85' lang='lat' dir='ltr'>Platone</span> <span class='ocrx_word' id='word_1_56' title='bbox 286 761 502 805; x_wconf 87' lang='lat' dir='ltr'>novimus.</span> <span class='ocrx_word' id='word_1_57' title='bbox 537 761 736 804; x_wconf 85' lang='lat' dir='ltr'>Alterum</span> <span class='ocrx_word' id='word_1_58' title='bbox 771 760 850 804; x_wconf 91' lang='lat' dir='ltr'>viri</span> <span class='ocrx_word' id='word_1_59' title='bbox 883 761 995 804; x_wconf 90' lang='lat' dir='ltr'>docti</span> <span class='ocrx_word' id='word_1_60' title='bbox 1029 775 1308 816; x_wconf 83' lang='lat' dir='ltr'>summopere</span> <span class='ocrx_word' id='word_1_61' title='bbox 1340 758 1535 807; x_wconf 83' lang='lat' dir='ltr'>laudant,</span> <span class='ocrx_word' id='word_1_62' title='bbox 1569 758 1753 801; x_wconf 89' lang='lat' dir='ltr'>alterum</span> 
     </span>
     <span class='ocr_line' id='line_1_9' title="bbox 51 827 1043 894; baseline -0.002 -14"><span class='ocrx_word' id='word_1_63' title='bbox 51 827 355 887; x_wconf 55' lang='lat' dir='ltr'>&#39;detestantuin</span> <span class='ocrx_word' id='word_1_64' title='bbox 388 841 519 894; x_wconf 88' lang='lat' dir='ltr'>atque</span> <span class='ocrx_word' id='word_1_65' title='bbox 551 837 661 880; x_wconf 87' lang='lat' dir='ltr'>adeo</span> <span class='ocrx_word' id='word_1_66' title='bbox 696 835 842 880; x_wconf 89' lang='lat' dir='ltr'>videre</span> <span class='ocrx_word' id='word_1_67' title='bbox 875 836 1043 880; x_wconf 88' lang='lat' dir='ltr'>nolunt.</span> 
     </span>
    </p>
   </div>
   <div class='ocr_carea' id='block_1_3' title="bbox 120 1076 1711 1130">
    <p class='ocr_par' dir='ltr' id='par_1_3' title="bbox 120 1076 1711 1130">
     <span class='ocr_line' id='line_1_10' title="bbox 120 1076 1711 1130; baseline -0.005 -11"><span class='ocrx_word' id='word_1_68' title='bbox 120 1083 145 1130; x_wconf 64' lang='grc' dir='ltr'>ξ</span> <span class='ocrx_word' id='word_1_69' title='bbox 176 1084 212 1119; x_wconf 90' lang='grc'>6.</span> <span class='ocrx_word' id='word_1_70' title='bbox 268 1081 333 1125; x_wconf 81' lang='lat' dir='ltr'>DE</span> <span class='ocrx_word' id='word_1_71' title='bbox 362 1078 613 1117; x_wconf 83' lang='lat' dir='ltr'><strong>SOCRATIS</strong></span> <span class='ocrx_word' id='word_1_72' title='bbox 644 1079 696 1114; x_wconf 92' lang='lat' dir='ltr'>IN</span> <span class='ocrx_word' id='word_1_73' title='bbox 724 1077 989 1114; x_wconf 86' lang='lat' dir='ltr'>APOLOGIA</span> <span class='ocrx_word' id='word_1_74' title='bbox 1018 1076 1407 1113; x_wconf 85' lang='lat' dir='ltr'>XENOPHONTEA</span> <span class='ocrx_word' id='word_1_75' title='bbox 1437 1076 1711 1113; x_wconf 83' lang='lat' dir='ltr'>SUPERBIA.</span> 
     </span>
    </p>
   </div>
   <div class='ocr_carea' id='block_1_4' title="bbox 74 1219 1774 3000">
    <p class='ocr_par' dir='ltr' id='par_1_4' title="bbox 74 1219 1774 3000">
     <span class='ocr_line' id='line_1_11' title="bbox 132 1219 1755 1280; baseline -0.006 -12"><span class='ocrx_word' id='word_1_76' title='bbox 132 1224 302 1268; x_wconf 84' lang='lat' dir='ltr'>Etenim</span> <span class='ocrx_word' id='word_1_77' title='bbox 345 1222 419 1280; x_wconf 94' lang='lat' dir='ltr'>qui</span> <span class='ocrx_word' id='word_1_78' title='bbox 461 1221 571 1266; x_wconf 90' lang='lat' dir='ltr'>alios</span> <span class='ocrx_word' id='word_1_79' title='bbox 614 1221 813 1265; x_wconf 86' lang='lat' dir='ltr'>homines</span> <span class='ocrx_word' id='word_1_80' title='bbox 855 1225 944 1264; x_wconf 90' lang='lat' dir='ltr'>tam</span> <span class='ocrx_word' id='word_1_81' title='bbox 987 1220 1142 1263; x_wconf 84' lang='lat' dir='ltr'>acerbe</span> <span class='ocrx_word' id='word_1_82' title='bbox 1177 1219 1404 1276; x_wconf 80' lang='lat' dir='ltr'>vituperat.</span> <span class='ocrx_word' id='word_1_83' title='bbox 1440 1234 1585 1262; x_wconf 90' lang='lat' dir='ltr'>nonne</span> <span class='ocrx_word' id='word_1_84' title='bbox 1618 1221 1755 1261; x_wconf 86' lang='lat' dir='ltr'>semet</span> 
     </span>
     <span class='ocr_line' id='line_1_12' title="bbox 75 1293 1756 1358; baseline -0.005 -15"><span class='ocrx_word' id='word_1_85' title='bbox 75 1300 218 1358; x_wconf 91' lang='lat' dir='ltr'>ipsum</span> <span class='ocrx_word' id='word_1_86' title='bbox 252 1298 453 1343; x_wconf 80' lang='lat' dir='ltr'>extollit?</span> <span class='ocrx_word' id='word_1_87' title='bbox 488 1297 645 1340; x_wconf 89' lang='lat' dir='ltr'>Nonne</span> <span class='ocrx_word' id='word_1_88' title='bbox 679 1297 787 1340; x_wconf 87' lang='lat' dir='ltr'>haec</span> <span class='ocrx_word' id='word_1_89' title='bbox 818 1300 883 1340; x_wconf 89' lang='lat' dir='ltr'>est</span> <span class='ocrx_word' id='word_1_90' title='bbox 916 1295 1293 1352; x_wconf 81' lang='lat' dir='ltr'>magniloquentia</span> <span class='ocrx_word' id='word_1_91' title='bbox 1326 1295 1536 1338; x_wconf 90' lang='lat' dir='ltr'>indirecta</span> <span class='ocrx_word' id='word_1_92' title='bbox 1566 1293 1756 1351; x_wconf 82' lang='lat' dir='ltr'>quidem,</span> 
     </span>
     <span class='ocr_line' id='line_1_13' title="bbox 75 1370 1754 1429; baseline -0.005 -10"><span class='ocrx_word' id='word_1_93' title='bbox 75 1380 122 1419; x_wconf 91' lang='lat' dir='ltr'>ut</span> <span class='ocrx_word' id='word_1_94' title='bbox 167 1374 303 1429; x_wconf 86' lang='lat' dir='ltr'>aiunt,</span> <span class='ocrx_word' id='word_1_95' title='bbox 352 1378 393 1417; x_wconf 87' lang='lat' dir='ltr'>et</span> <span class='ocrx_word' id='word_1_96' title='bbox 439 1372 629 1429; x_wconf 87' lang='lat' dir='ltr'>obliqua,</span> <span class='ocrx_word' id='word_1_97' title='bbox 679 1372 753 1415; x_wconf 90' lang='lat' dir='ltr'>sed</span> <span class='ocrx_word' id='word_1_98' title='bbox 801 1376 947 1415; x_wconf 90' lang='lat' dir='ltr'>tamen</span> <span class='ocrx_word' id='word_1_99' title='bbox 994 1370 1088 1414; x_wconf 90' lang='lat' dir='ltr'>eius</span> <span class='ocrx_word' id='word_1_100' title='bbox 1138 1370 1255 1413; x_wconf 92' lang='lat' dir='ltr'>modi</span> <span class='ocrx_word' id='word_1_101' title='bbox 1303 1375 1348 1413; x_wconf 88' lang='lat' dir='ltr'>ut</span> <span class='ocrx_word' id='word_1_102' title='bbox 1381 1374 1590 1427; x_wconf 86' lang='lat' dir='ltr'>appareat</span> <span class='ocrx_word' id='word_1_103' title='bbox 1623 1384 1754 1426; x_wconf 91' lang='lat' dir='ltr'>quam</span> 
     </span>
     <span class='ocr_line' id='line_1_14' title="bbox 77 1445 1761 1504; baseline -0.004 -10"><span class='ocrx_word' id='word_1_104' title='bbox 77 1450 355 1495; x_wconf 84' lang='lat' dir='ltr'>vehementer</span> <span class='ocrx_word' id='word_1_105' title='bbox 395 1446 566 1492; x_wconf 89' lang='lat' dir='ltr'>Socrati</span> <span class='ocrx_word' id='word_1_106' title='bbox 609 1462 870 1504; x_wconf 90' lang='lat' dir='ltr'>persuasum</span> <span class='ocrx_word' id='word_1_107' title='bbox 914 1445 969 1488; x_wconf 88' lang='lat' dir='ltr'>sit</span> <span class='ocrx_word' id='word_1_108' title='bbox 1011 1445 1108 1489; x_wconf 90' lang='lat' dir='ltr'>illos</span> <span class='ocrx_word' id='word_1_109' title='bbox 1146 1445 1347 1489; x_wconf 89' lang='lat' dir='ltr'>homines</span> <span class='ocrx_word' id='word_1_110' title='bbox 1386 1460 1543 1494; x_wconf 87' lang='lat' dir='ltr'>errare,</span> <span class='ocrx_word' id='word_1_111' title='bbox 1577 1459 1761 1501; x_wconf 83' lang='lat' dir='ltr'>seseque</span> 
     </span>
     <span class='ocr_line' id='line_1_15' title="bbox 74 1520 1759 1577; baseline -0.004 -8"><span class='ocrx_word' id='word_1_112' title='bbox 74 1531 236 1569; x_wconf 91' lang='lat' dir='ltr'>rectam</span> <span class='ocrx_word' id='word_1_113' title='bbox 283 1523 375 1568; x_wconf 92' lang='lat' dir='ltr'>veri</span> <span class='ocrx_word' id='word_1_114' title='bbox 423 1522 674 1566; x_wconf 89' lang='lat' dir='ltr'>inveniendi</span> <span class='ocrx_word' id='word_1_115' title='bbox 724 1522 838 1565; x_wconf 89' lang='lat' dir='ltr'>viam</span> <span class='ocrx_word' id='word_1_116' title='bbox 897 1521 1143 1577; x_wconf 88' lang='lat' dir='ltr'>ingressum</span> <span class='ocrx_word' id='word_1_117' title='bbox 1203 1521 1333 1564; x_wconf 82' lang='lat' dir='ltr'>esse‘?</span> <span class='ocrx_word' id='word_1_118' title='bbox 1381 1520 1464 1571; x_wconf 85' lang='lat' dir='ltr'>Qui</span> <span class='ocrx_word' id='word_1_119' title='bbox 1514 1521 1565 1563; x_wconf 88' lang='lat' dir='ltr'>de</span> <span class='ocrx_word' id='word_1_120' title='bbox 1612 1520 1759 1563; x_wconf 89' lang='lat' dir='ltr'>adver-</span> 
     </span>
     <span class='ocr_line' id='line_1_16' title="bbox 75 1592 1761 1657; baseline -0.003 -13"><span class='ocrx_word' id='word_1_121' title='bbox 75 1600 203 1645; x_wconf 88' lang='lat' dir='ltr'>sariis</span> <span class='ocrx_word' id='word_1_122' title='bbox 248 1600 440 1657; x_wconf 88' lang='lat' dir='ltr'>loquitur</span> <span class='ocrx_word' id='word_1_123' title='bbox 487 1599 650 1643; x_wconf 87' lang='lat' dir='ltr'>talibus</span> <span class='ocrx_word' id='word_1_124' title='bbox 685 1598 912 1642; x_wconf 90' lang='lat' dir='ltr'>vocabulis</span> <span class='ocrx_word' id='word_1_125' title='bbox 954 1592 1046 1654; x_wconf 72' lang='lat' dir='ltr'>ipSe</span> <span class='ocrx_word' id='word_1_126' title='bbox 1078 1597 1344 1641; x_wconf 83' lang='lat' dir='ltr'>insolentiae</span> <span class='ocrx_word' id='word_1_127' title='bbox 1377 1597 1574 1640; x_wconf 87' lang='lat' dir='ltr'>accusari</span> <span class='ocrx_word' id='word_1_128' title='bbox 1606 1601 1761 1653; x_wconf 88' lang='lat' dir='ltr'>potest.</span> 
     </span>
     <span class='ocr_line' id='line_1_17' title="bbox 78 1671 1763 1721; baseline -0.004 -1"><span class='ocrx_word' id='word_1_129' title='bbox 78 1677 199 1720; x_wconf 87' lang='lat' dir='ltr'>Haec</span> <span class='ocrx_word' id='word_1_130' title='bbox 244 1675 393 1719; x_wconf 92' lang='lat' dir='ltr'>omnia</span> <span class='ocrx_word' id='word_1_131' title='bbox 439 1679 585 1719; x_wconf 88' lang='lat' dir='ltr'>autem</span> <span class='ocrx_word' id='word_1_132' title='bbox 644 1673 927 1718; x_wconf 86' lang='lat' dir='ltr'>consentiunt</span> <span class='ocrx_word' id='word_1_133' title='bbox 980 1689 1077 1717; x_wconf 91' lang='lat' dir='ltr'>cum</span> <span class='ocrx_word' id='word_1_134' title='bbox 1131 1673 1193 1716; x_wconf 89' lang='lat' dir='ltr'>eis</span> <span class='ocrx_word' id='word_1_135' title='bbox 1246 1673 1391 1721; x_wconf 89' lang='lat' dir='ltr'>rebus,</span> <span class='ocrx_word' id='word_1_136' title='bbox 1445 1672 1572 1716; x_wconf 86' lang='lat' dir='ltr'>factis</span> <span class='ocrx_word' id='word_1_137' title='bbox 1620 1671 1763 1715; x_wconf 87' lang='lat' dir='ltr'>dictis·</span> 
     </span>
     <span class='ocr_line' id='line_1_18' title="bbox 76 1748 1763 1810; baseline -0.004 -14"><span class='ocrx_word' id='word_1_138' title='bbox 76 1768 174 1810; x_wconf 87' lang='lat' dir='ltr'>que,</span> <span class='ocrx_word' id='word_1_139' title='bbox 221 1767 333 1809; x_wconf 89' lang='lat' dir='ltr'>quae</span> <span class='ocrx_word' id='word_1_140' title='bbox 381 1751 560 1794; x_wconf 89' lang='lat' dir='ltr'>aliunde</span> <span class='ocrx_word' id='word_1_141' title='bbox 608 1750 659 1793; x_wconf 89' lang='lat' dir='ltr'>de</span> <span class='ocrx_word' id='word_1_142' title='bbox 710 1765 761 1793; x_wconf 91' lang='lat' dir='ltr'>eo</span> <span class='ocrx_word' id='word_1_143' title='bbox 808 1755 937 1793; x_wconf 91' lang='lat' dir='ltr'>notae</span> <span class='ocrx_word' id='word_1_144' title='bbox 981 1755 1097 1792; x_wconf 89' lang='lat' dir='ltr'>sunt.</span> <span class='ocrx_word' id='word_1_145' title='bbox 1148 1749 1382 1792; x_wconf 84' lang='lat' dir='ltr'>Hominem</span> <span class='ocrx_word' id='word_1_146' title='bbox 1431 1748 1503 1805; x_wconf 91' lang='lat' dir='ltr'>qui</span> <span class='ocrx_word' id='word_1_147' title='bbox 1552 1764 1603 1791; x_wconf 89' lang='lat' dir='ltr'>ne</span> <span class='ocrx_word' id='word_1_148' title='bbox 1651 1752 1763 1790; x_wconf 90' lang='lat' dir='ltr'>tran-</span> 
     </span>
     <span class='ocr_line' id='line_1_19' title="bbox 77 1823 1764 1884; baseline -0.004 -13"><span class='ocrx_word' id='word_1_149' title='bbox 77 1843 251 1871; x_wconf 87' lang='lat' dir='ltr'>versum</span> <span class='ocrx_word' id='word_1_150' title='bbox 296 1825 471 1884; x_wconf 90' lang='lat' dir='ltr'>quidem</span> <span class='ocrx_word' id='word_1_151' title='bbox 519 1824 703 1881; x_wconf 84' lang='lat' dir='ltr'>digitum</span> <span class='ocrx_word' id='word_1_152' title='bbox 750 1840 777 1868; x_wconf 93' lang='lat' dir='ltr'>a</span> <span class='ocrx_word' id='word_1_153' title='bbox 824 1824 1021 1873; x_wconf 87' lang='lat' dir='ltr'>veritate,</span> <span class='ocrx_word' id='word_1_154' title='bbox 1056 1824 1111 1867; x_wconf 90' lang='lat' dir='ltr'>ab</span> <span class='ocrx_word' id='word_1_155' title='bbox 1154 1823 1295 1866; x_wconf 87' lang='lat' dir='ltr'>officio</span> <span class='ocrx_word' id='word_1_156' title='bbox 1328 1823 1549 1866; x_wconf 85' lang='lat' dir='ltr'>discedere</span> <span class='ocrx_word' id='word_1_157' title='bbox 1581 1823 1764 1872; x_wconf 88' lang='lat' dir='ltr'>solebat,</span> 
     </span>
     <span class='ocr_line' id='line_1_20' title="bbox 74 1897 1762 1959; baseline -0.004 -13"><span class='ocrx_word' id='word_1_158' title='bbox 74 1902 284 1959; x_wconf 86' lang='lat' dir='ltr'>singulari</span> <span class='ocrx_word' id='word_1_159' title='bbox 326 1900 615 1950; x_wconf 81' lang='lat' dir='ltr'>contumacia,</span> <span class='ocrx_word' id='word_1_160' title='bbox 664 1899 788 1943; x_wconf 86' lang='lat' dir='ltr'>cuius</span> <span class='ocrx_word' id='word_1_161' title='bbox 824 1899 938 1942; x_wconf 90' lang='lat' dir='ltr'>vitae</span> <span class='ocrx_word' id='word_1_162' title='bbox 978 1898 1106 1942; x_wconf 81' lang='lat' dir='ltr'>Ratio</span> <span class='ocrx_word' id='word_1_163' title='bbox 1143 1899 1315 1955; x_wconf 84' lang='lat' dir='ltr'>Regina</span> <span class='ocrx_word' id='word_1_164' title='bbox 1353 1902 1445 1942; x_wconf 90' lang='lat' dir='ltr'>erat</span> <span class='ocrx_word' id='word_1_165' title='bbox 1478 1897 1762 1941; x_wconf 85' lang='lat' dir='ltr'>inexorabilis</span> 
     </span>
     <span class='ocr_line' id='line_1_21' title="bbox 77 1972 1765 2035; baseline -0.004 -13"><span class='ocrx_word' id='word_1_166' title='bbox 77 1984 206 2035; x_wconf 90' lang='lat' dir='ltr'>atque</span> <span class='ocrx_word' id='word_1_167' title='bbox 252 1977 398 2026; x_wconf 88' lang='lat' dir='ltr'>surda,</span> <span class='ocrx_word' id='word_1_168' title='bbox 446 1975 570 2019; x_wconf 87' lang='lat' dir='ltr'>cuius</span> <span class='ocrx_word' id='word_1_169' title='bbox 619 1977 821 2028; x_wconf 78' lang='grc' dir='ltr'><strong><em>καρτερία,</em></strong></span> <span class='ocrx_word' id='word_1_170' title='bbox 864 1976 1079 2028; x_wconf 62' lang='grc' dir='ltr'>ἐγκράτεια,</span> <span class='ocrx_word' id='word_1_171' title='bbox 1131 1976 1361 2025; x_wconf 62' lang='grc' dir='ltr'><em>αὐτάρκεια,</em></span> <span class='ocrx_word' id='word_1_172' title='bbox 1407 1973 1583 2016; x_wconf 87' lang='lat' dir='ltr'>sordida</span> <span class='ocrx_word' id='word_1_173' title='bbox 1629 1972 1765 2015; x_wconf 84' lang='lat' dir='ltr'>vestis</span> 
     </span>
     <span class='ocr_line' id='line_1_22' title="bbox 76 2048 1764 2105; baseline -0.004 -8"><span class='ocrx_word' id='word_1_174' title='bbox 76 2053 225 2103; x_wconf 71' lang='lat' dir='ltr'>(Arist.</span> <span class='ocrx_word' id='word_1_175' title='bbox 264 2052 398 2095; x_wconf 81' lang='lat' dir='ltr'>Aves.</span> <span class='ocrx_word' id='word_1_176' title='bbox 446 2051 589 2100; x_wconf 72' lang='lat'><strong>1282),</strong></span> <span class='ocrx_word' id='word_1_177' title='bbox 634 2050 722 2094; x_wconf 89' lang='lat' dir='ltr'>alia</span> <span class='ocrx_word' id='word_1_178' title='bbox 758 2065 810 2093; x_wconf 80' lang='lat' dir='ltr'>ex</span> <span class='ocrx_word' id='word_1_179' title='bbox 842 2065 892 2093; x_wconf 90' lang='lat' dir='ltr'>eo</span> <span class='ocrx_word' id='word_1_180' title='bbox 925 2065 1095 2105; x_wconf 83' lang='lat' dir='ltr'>genere,</span> <span class='ocrx_word' id='word_1_181' title='bbox 1134 2049 1352 2105; x_wconf 89' lang='lat' dir='ltr'>proverbii</span> <span class='ocrx_word' id='word_1_182' title='bbox 1388 2049 1481 2091; x_wconf 87' lang='lat' dir='ltr'>loco</span> <span class='ocrx_word' id='word_1_183' title='bbox 1514 2048 1764 2097; x_wconf 86' lang='lat' dir='ltr'>laudantur,</span> 
     </span>
     <span class='ocr_line' id='line_1_23' title="bbox 77 2125 1764 2186; baseline -0.003 -14"><span class='ocrx_word' id='word_1_184' title='bbox 77 2129 151 2186; x_wconf 87' lang='lat' dir='ltr'>qui</span> <span class='ocrx_word' id='word_1_185' title='bbox 199 2132 382 2184; x_wconf 80' lang='lat' dir='ltr'>mortem</span> <span class='ocrx_word' id='word_1_186' title='bbox 432 2126 473 2168; x_wconf 95' lang='lat' dir='ltr'>in</span> <span class='ocrx_word' id='word_1_187' title='bbox 524 2141 670 2182; x_wconf 89' lang='lat' dir='ltr'>pugna</span> <span class='ocrx_word' id='word_1_188' title='bbox 709 2141 794 2168; x_wconf 90' lang='lat' dir='ltr'>non</span> <span class='ocrx_word' id='word_1_189' title='bbox 828 2125 1024 2175; x_wconf 88' lang='lat' dir='ltr'>timebat,</span> <span class='ocrx_word' id='word_1_190' title='bbox 1056 2126 1349 2169; x_wconf 73' lang='lat' dir='ltr'>Fanaticum</span> <span class='ocrx_word' id='word_1_191' title='bbox 1383 2127 1502 2168; x_wconf 74' lang='lat' dir='ltr'>iusti</span> <span class='ocrx_word' id='word_1_192' title='bbox 1534 2127 1574 2167; x_wconf 77' lang='lat' dir='ltr'>et</span> <span class='ocrx_word' id='word_1_193' title='bbox 1608 2127 1764 2179; x_wconf 72' lang='lat' dir='ltr'>aequi,</span> 
     </span>
     <span class='ocr_line' id='line_1_24' title="bbox 78 2199 1765 2257; baseline -0.004 -10"><span class='ocrx_word' id='word_1_194' title='bbox 78 2205 307 2253; x_wconf 77' lang='lat' dir='ltr'>Ascetam,</span> <span class='ocrx_word' id='word_1_195' title='bbox 357 2206 402 2245; x_wconf 83' lang='lat' dir='ltr'>ut</span> <span class='ocrx_word' id='word_1_196' title='bbox 450 2201 511 2245; x_wconf 85' lang='lat' dir='ltr'>ita</span> <span class='ocrx_word' id='word_1_197' title='bbox 557 2201 712 2250; x_wconf 88' lang='lat' dir='ltr'>dicam,</span> <span class='ocrx_word' id='word_1_198' title='bbox 761 2201 887 2244; x_wconf 92' lang='lat' dir='ltr'>cuius</span> <span class='ocrx_word' id='word_1_199' title='bbox 934 2200 1051 2244; x_wconf 86' lang='lat' dir='ltr'>facta</span> <span class='ocrx_word' id='word_1_200' title='bbox 1098 2201 1406 2257; x_wconf 86' lang='lat' dir='ltr'>adaequabant</span> <span class='ocrx_word' id='word_1_201' title='bbox 1454 2199 1583 2246; x_wconf 82' lang='lat' dir='ltr'>dicta,</span> <span class='ocrx_word' id='word_1_202' title='bbox 1633 2199 1765 2242; x_wconf 86' lang='lat' dir='ltr'>talem</span> 
     </span>
     <span class='ocr_line' id='line_1_25' title="bbox 79 2274 1767 2334; baseline -0.003 -13"><span class='ocrx_word' id='word_1_203' title='bbox 79 2278 300 2322; x_wconf 87' lang='lat' dir='ltr'>hominem</span> <span class='ocrx_word' id='word_1_204' title='bbox 327 2277 596 2320; x_wconf 86' lang='lat' dir='ltr'>liberrimum</span> <span class='ocrx_word' id='word_1_205' title='bbox 626 2292 757 2334; x_wconf 85' lang='lat' dir='ltr'>saepe</span> <span class='ocrx_word' id='word_1_206' title='bbox 785 2275 826 2319; x_wconf 91' lang='lat' dir='ltr'>in</span> <span class='ocrx_word' id='word_1_207' title='bbox 858 2276 1033 2319; x_wconf 86' lang='lat' dir='ltr'>modum</span> <span class='ocrx_word' id='word_1_208' title='bbox 1053 2276 1245 2319; x_wconf 88' lang='lat' dir='ltr'>locutum</span> <span class='ocrx_word' id='word_1_209' title='bbox 1265 2291 1376 2325; x_wconf 87' lang='lat' dir='ltr'>esse,</span> <span class='ocrx_word' id='word_1_210' title='bbox 1398 2274 1767 2317; x_wconf 78' lang='lat' dir='ltr'>verisimillimum</span> 
     </span>
     <span class='ocr_line' id='line_1_26' title="bbox 80 2350 1766 2406; baseline -0.004 -8"><span class='ocrx_word' id='word_1_211' title='bbox 80 2358 158 2397; x_wconf 84' lang='lat' dir='ltr'>est.</span> <span class='ocrx_word' id='word_1_212' title='bbox 202 2355 471 2406; x_wconf 77' lang='grc' dir='ltr'><strong><em>Άνυπόδητον</em></strong></span> <span class='ocrx_word' id='word_1_213' title='bbox 514 2358 713 2396; x_wconf 86' lang='lat' dir='ltr'>nostrum</span> <span class='ocrx_word' id='word_1_214' title='bbox 759 2359 797 2396; x_wconf 88' lang='lat' dir='ltr'>et</span> <span class='ocrx_word' id='word_1_215' title='bbox 840 2354 1010 2393; x_wconf 73' lang='grc' dir='ltr'><strong>ἄλουτον</strong></span> <span class='ocrx_word' id='word_1_216' title='bbox 1049 2351 1205 2395; x_wconf 87' lang='lat' dir='ltr'>deinde</span> <span class='ocrx_word' id='word_1_217' title='bbox 1244 2367 1346 2399; x_wconf 87' lang='lat' dir='ltr'>non,</span> <span class='ocrx_word' id='word_1_218' title='bbox 1380 2350 1492 2394; x_wconf 86' lang='lat' dir='ltr'>sicut</span> <span class='ocrx_word' id='word_1_219' title='bbox 1525 2350 1766 2398; x_wconf 81' lang='lat' dir='ltr'>Platonem,</span> 
     </span>
     <span class='ocr_line' id='line_1_27' title="bbox 81 2414 1766 2486; baseline -0.004 -14"><span class='ocrx_word' id='word_1_220' title='bbox 81 2429 339 2486; x_wconf 83' lang='lat' dir='ltr'>magistrum</span> <span class='ocrx_word' id='word_1_221' title='bbox 372 2414 689 2485; x_wconf 87' lang='lat' dir='ltr'>elegantiarum</span> <span class='ocrx_word' id='word_1_222' title='bbox 724 2427 862 2471; x_wconf 87' lang='lat' dir='ltr'>fuisse</span> <span class='ocrx_word' id='word_1_223' title='bbox 898 2442 1036 2484; x_wconf 91' lang='lat' dir='ltr'>neque</span> <span class='ocrx_word' id='word_1_224' title='bbox 1070 2426 1364 2470; x_wconf 88' lang='lat' dir='ltr'>urbanitatem</span> <span class='ocrx_word' id='word_1_225' title='bbox 1398 2431 1610 2482; x_wconf 83' lang='lat' dir='ltr'>tanquam</span> <span class='ocrx_word' id='word_1_226' title='bbox 1641 2425 1766 2467; x_wconf 85' lang='lat' dir='ltr'>deam</span> 
     </span>
     <span class='ocr_line' id='line_1_28' title="bbox 81 2500 1770 2559; baseline -0.004 -11"><span class='ocrx_word' id='word_1_227' title='bbox 81 2504 268 2549; x_wconf 86' lang='lat' dir='ltr'>coluisse</span> <span class='ocrx_word' id='word_1_228' title='bbox 315 2504 391 2548; x_wconf 92' lang='lat' dir='ltr'>sed</span> <span class='ocrx_word' id='word_1_229' title='bbox 430 2504 570 2559; x_wconf 88' lang='lat' dir='ltr'>magis</span> <span class='ocrx_word' id='word_1_230' title='bbox 604 2503 833 2547; x_wconf 88' lang='lat' dir='ltr'>veritatem</span> <span class='ocrx_word' id='word_1_231' title='bbox 867 2508 907 2546; x_wconf 87' lang='lat' dir='ltr'>et</span> <span class='ocrx_word' id='word_1_232' title='bbox 940 2503 1186 2546; x_wconf 88' lang='lat' dir='ltr'>libertatern</span> <span class='ocrx_word' id='word_1_233' title='bbox 1220 2502 1387 2545; x_wconf 87' lang='lat' dir='ltr'>amicas</span> <span class='ocrx_word' id='word_1_234' title='bbox 1420 2501 1627 2544; x_wconf 84' lang='lat' dir='ltr'>habuisse</span> <span class='ocrx_word' id='word_1_235' title='bbox 1675 2500 1770 2542; x_wconf 90' lang='lat' dir='ltr'>luce</span> 
     </span>
     <span class='ocr_line' id='line_1_29' title="bbox 80 2577 1767 2637; baseline -0.004 -13"><span class='ocrx_word' id='word_1_236' title='bbox 80 2580 238 2624; x_wconf 89' lang='lat' dir='ltr'>clarius</span> <span class='ocrx_word' id='word_1_237' title='bbox 285 2585 363 2624; x_wconf 90' lang='lat' dir='ltr'>est.</span> <span class='ocrx_word' id='word_1_238' title='bbox 413 2584 556 2632; x_wconf 85' lang='grc' dir='ltr'><em>Μυώψ</em></span> <span class='ocrx_word' id='word_1_239' title='bbox 602 2585 707 2629; x_wconf 89' lang='lat' dir='ltr'>erat,</span> <span class='ocrx_word' id='word_1_240' title='bbox 758 2585 803 2624; x_wconf 92' lang='lat' dir='ltr'>ut</span> <span class='ocrx_word' id='word_1_241' title='bbox 855 2580 898 2623; x_wconf 91' lang='lat' dir='ltr'>in</span> <span class='ocrx_word' id='word_1_242' title='bbox 953 2580 1178 2637; x_wconf 88' lang='lat' dir='ltr'>praeclaro</span> <span class='ocrx_word' id='word_1_243' title='bbox 1226 2579 1320 2623; x_wconf 92' lang='lat' dir='ltr'>loco</span> <span class='ocrx_word' id='word_1_244' title='bbox 1374 2578 1488 2635; x_wconf 86' lang='lat' dir='ltr'>apud</span> <span class='ocrx_word' id='word_1_245' title='bbox 1538 2577 1767 2620; x_wconf 84' lang='lat' dir='ltr'>Platonem</span> 
     </span>
     <span class='ocr_line' id='line_1_30' title="bbox 81 2651 1772 2712; baseline -0.003 -14"><span class='ocrx_word' id='word_1_246' title='bbox 81 2655 268 2712; x_wconf 88' lang='lat' dir='ltr'>legimus</span> <span class='ocrx_word' id='word_1_247' title='bbox 301 2655 445 2712; x_wconf 90' lang='lat' dir='ltr'>(Apol.</span> <span class='ocrx_word' id='word_1_248' title='bbox 478 2655 588 2700; x_wconf 85' lang='lat' dir='ltr'>30E</span> <span class='ocrx_word' id='word_1_249' title='bbox 620 2657 689 2696; x_wconf 85' lang='grc' dir='ltr'>ἐὰν</span> <span class='ocrx_word' id='word_1_250' title='bbox 722 2657 794 2708; x_wconf 72' lang='grc' dir='ltr'>γὰρ</span> <span class='ocrx_word' id='word_1_251' title='bbox 836 2682 885 2686; x_wconf 89' lang='grc'>-</span> <span class='ocrx_word' id='word_1_252' title='bbox 924 2654 1225 2708; x_wconf 72' lang='grc' dir='ltr'>προσκαθίζων)</span> <span class='ocrx_word' id='word_1_253' title='bbox 1272 2653 1538 2697; x_wconf 84' lang='lat' dir='ltr'>Stimulabat</span> <span class='ocrx_word' id='word_1_254' title='bbox 1572 2651 1772 2695; x_wconf 86' lang='lat' dir='ltr'>homines</span> 
     </span>
     <span class='ocr_line' id='line_1_31' title="bbox 82 2729 1770 2788; baseline -0.004 -14"><span class='ocrx_word' id='word_1_255' title='bbox 82 2736 123 2774; x_wconf 85' lang='lat' dir='ltr'>et</span> <span class='ocrx_word' id='word_1_256' title='bbox 169 2746 243 2774; x_wconf 92' lang='lat' dir='ltr'>eos</span> <span class='ocrx_word' id='word_1_257' title='bbox 291 2731 515 2788; x_wconf 89' lang='lat' dir='ltr'>pungebat</span> <span class='ocrx_word' id='word_1_258' title='bbox 561 2733 714 2779; x_wconf 84' lang='grc' dir='ltr'><strong><em>παίζων</em></strong></span> <span class='ocrx_word' id='word_1_259' title='bbox 771 2734 812 2773; x_wconf 89' lang='lat' dir='ltr'>et</span> <span class='ocrx_word' id='word_1_260' title='bbox 868 2733 1069 2771; x_wconf 83' lang='grc' dir='ltr'>σκώπτων.</span> <span class='ocrx_word' id='word_1_261' title='bbox 1118 2729 1360 2772; x_wconf 88' lang='lat' dir='ltr'>Lacessivit</span> <span class='ocrx_word' id='word_1_262' title='bbox 1409 2744 1484 2771; x_wconf 89' lang='lat' dir='ltr'>eos</span> <span class='ocrx_word' id='word_1_263' title='bbox 1532 2732 1571 2770; x_wconf 85' lang='lat' dir='ltr'>et</span> <span class='ocrx_word' id='word_1_264' title='bbox 1618 2742 1770 2783; x_wconf 92' lang='lat' dir='ltr'>provo-</span> 
     </span>
     <span class='ocr_line' id='line_1_32' title="bbox 83 2802 1770 2863; baseline -0.004 -14"><span class='ocrx_word' id='word_1_265' title='bbox 83 2806 196 2849; x_wconf 86' lang='lat' dir='ltr'>cavit</span> <span class='ocrx_word' id='word_1_266' title='bbox 244 2811 283 2849; x_wconf 89' lang='lat' dir='ltr'>et</span> <span class='ocrx_word' id='word_1_267' title='bbox 331 2821 462 2863; x_wconf 89' lang='lat' dir='ltr'>saepe</span> <span class='ocrx_word' id='word_1_268' title='bbox 505 2805 599 2849; x_wconf 90' lang='lat' dir='ltr'>eius</span> <span class='ocrx_word' id='word_1_269' title='bbox 642 2806 778 2849; x_wconf 89' lang='lat' dir='ltr'>verba</span> <span class='ocrx_word' id='word_1_270' title='bbox 820 2805 1020 2848; x_wconf 88' lang='lat' dir='ltr'>aculeum</span> <span class='ocrx_word' id='word_1_271' title='bbox 1056 2805 1303 2847; x_wconf 85' lang='lat' dir='ltr'>babuerunt</span> <span class='ocrx_word' id='word_1_272' title='bbox 1337 2804 1391 2847; x_wconf 88' lang='lat' dir='ltr'>ad</span> <span class='ocrx_word' id='word_1_273' title='bbox 1427 2804 1621 2846; x_wconf 87' lang='lat' dir='ltr'>animum</span> <span class='ocrx_word' id='word_1_274' title='bbox 1656 2802 1770 2844; x_wconf 87' lang='lat' dir='ltr'>iuve-</span> 
     </span>
     <span class='ocr_line' id='line_1_33' title="bbox 84 2880 1774 2937; baseline -0.004 -12"><span class='ocrx_word' id='word_1_275' title='bbox 84 2896 188 2924; x_wconf 90' lang='lat' dir='ltr'>num</span> <span class='ocrx_word' id='word_1_276' title='bbox 235 2881 518 2925; x_wconf 86' lang='lat' dir='ltr'>incitandum.</span> <span class='ocrx_word' id='word_1_277' title='bbox 566 2880 776 2924; x_wconf 80' lang='lat' dir='ltr'>Permulti</span> <span class='ocrx_word' id='word_1_278' title='bbox 825 2880 897 2937; x_wconf 87' lang='lat' dir='ltr'>qui</span> <span class='ocrx_word' id='word_1_279' title='bbox 949 2880 1219 2937; x_wconf 87' lang='lat' dir='ltr'>provectiore</span> <span class='ocrx_word' id='word_1_280' title='bbox 1269 2884 1392 2922; x_wconf 87' lang='lat' dir='ltr'>erant</span> <span class='ocrx_word' id='word_1_281' title='bbox 1439 2883 1584 2921; x_wconf 87' lang='lat' dir='ltr'>aetate</span> <span class='ocrx_word' id='word_1_282' title='bbox 1627 2882 1774 2919; x_wconf 86' lang='lat' dir='ltr'>contu-</span> 
     </span>
     <span class='ocr_line' id='line_1_34' title="bbox 84 2952 1772 3000; baseline -0.002 -2"><span class='ocrx_word' id='word_1_283' title='bbox 84 2956 313 3000; x_wconf 90' lang='lat' dir='ltr'>meliarum</span> <span class='ocrx_word' id='word_1_284' title='bbox 360 2956 538 2999; x_wconf 85' lang='lat' dir='ltr'>aculeos</span> <span class='ocrx_word' id='word_1_285' title='bbox 586 2955 897 2999; x_wconf 86' lang='lat' dir='ltr'>molestissime</span> <span class='ocrx_word' id='word_1_286' title='bbox 947 2955 1160 2997; x_wconf 87' lang='lat' dir='ltr'>ferebant.</span> <span class='ocrx_word' id='word_1_287' title='bbox 1208 2954 1292 2997; x_wconf 91' lang='lat' dir='ltr'>Ubi</span> <span class='ocrx_word' id='word_1_288' title='bbox 1341 2958 1486 2997; x_wconf 89' lang='lat' dir='ltr'>autem</span> <span class='ocrx_word' id='word_1_289' title='bbox 1533 2952 1699 2995; x_wconf 86' lang='lat' dir='ltr'>fortiter</span> <span class='ocrx_word' id='word_1_290' title='bbox 1732 2959 1772 2995; x_wconf 86' lang='lat' dir='ltr'>et</span> 
     </span>
    </p>
   </div>
  </div>
 </body>
</html>
