2019 3299
883 184 954 213 XIX

79 299 178 342 sint..
228 297 322 340 Hac
369 313 542 354 quoque
589 297 630 338 in
673 312 807 339 causa
849 296 999 352 optimi
1043 296 1294 340 defensores
1328 303 1368 340 et,
1411 298 1581 354 patroni
1622 298 1756 341 libelli

78 373 211 418 nostri
245 372 518 415 exstiterunt.
554 372 818 414 Persuasum
851 377 998 414 autem
1034 377 1097 414 est
1132 372 1258 414 nobis
1293 373 1406 415 banc
1438 373 1755 429 quaestionem,

77 447 132 491 ab
168 446 266 490 aliis
299 462 431 503 saepe
465 451 710 493 tractatam,
743 446 1003 489 exhaustam
1038 447 1232 489 nondum
1266 462 1362 489 esse
1397 463 1536 504 neque
1560 448 1615 491 ab
1638 448 1755 490 omni

79 527 198 579 parte
245 521 449 570 solutam,
501 520 716 577 permulta
765 525 990 577 praeterea
1037 521 1179 564 adhuc
1227 521 1478 578 disputandi
1532 523 1755 566 materiem

77 597 296 653 praebere,
344 596 459 639 haud
502 595 563 638 ita
611 611 750 652 pauca
792 611 878 638 non
923 596 1157 640 observata
1205 602 1245 639 et
1278 597 1476 652 neglecta
1508 613 1618 646 esse,
1653 614 1755 641 non-

78 671 198 715 nulla
229 671 494 714 firmioribus
526 670 796 726 argumentis
828 671 1075 714 confirmari
1103 676 1143 714 et
1171 672 1355 715 stabiliri
1376 688 1516 728 posse,
1536 678 1756 729 postremo

78 747 131 791 ad
166 762 315 789 verum
348 751 388 789 et
421 746 674 789 historicum
709 746 935 789 Socratem
974 748 1324 802 cognoscendum
1364 748 1477 791 hanc
1509 748 1755 805 apologiam

78 821 255 865 maximi
302 823 511 865 momenti
560 837 670 865 esse.
719 821 814 872 Quo
864 822 1026 865 factum
1077 829 1140 865 est
1190 828 1233 865 ut
1283 824 1424 866 denuo
1460 823 1575 867 viros
1608 824 1757 867 doctos

77 896 370 954 inquietemus
417 897 498 940 hac
545 897 865 945 dissertatione,
915 913 990 953 spe
1037 902 1182 940 autem
1216 898 1389 941 adducti
1423 903 1467 941 ut
1501 914 1575 954 pro
1610 904 1780 943 nostra

79 971 190 1015 virili
235 972 397 1029 aliquid
446 972 488 1014 in
537 988 766 1015 commune
814 972 1010 1015 conferre
1061 973 1295 1029 possimus.
1341 973 1435 1015 Hoc
1479 974 1754 1029 potissimum

76 1063 283 1104 rogamus
325 1048 468 1104 qualis
510 1048 640 1090 homo
679 1048 807 1090 fuerit
841 1048 1059 1097 Socrates,
1099 1049 1248 1104 qualia
1280 1049 1374 1091 eius
1407 1050 1521 1092 dicta
1553 1055 1593 1092 et
1624 1050 1756 1094 facta.

75 1122 291 1174 Quoniam
335 1138 436 1166 vero
478 1123 698 1179 Apologia
736 1123 963 1167 Platonica
997 1124 1150 1166 eadem
1184 1125 1235 1167 de
1267 1141 1311 1167 re
1345 1125 1433 1180 agit
1466 1130 1505 1167 et
1540 1126 1757 1182 permulta

75 1215 172 1242 cum
219 1198 378 1254 scripto
426 1198 748 1255 Xenophonteo
798 1199 928 1242 babet
975 1199 1238 1247 communia,
1278 1201 1417 1244 altera
1449 1201 1626 1257 saepius
1658 1218 1755 1245 cum

75 1275 212 1318 altera
243 1275 321 1318 erit
354 1275 668 1331 componenda,
703 1274 763 1318 ita
796 1279 840 1317 ut
867 1275 1145 1331 perspicuum
1175 1281 1215 1318 et
1245 1275 1528 1319 manifestum
1557 1277 1645 1326 fiat,
1673 1278 1755 1320 utri

79 1366 106 1394 a
137 1350 262 1393 nobis
296 1350 436 1406 magis
467 1350 574 1392 fides
606 1349 809 1393 habenda
842 1350 894 1392 sit
930 1355 970 1393 et
1002 1356 1222 1406 quatenus
1256 1350 1296 1393 in
1331 1356 1513 1408 utraque
1542 1352 1759 1409 Apologia

79 1425 217 1483 ipsius
249 1426 442 1469 Socratis
474 1426 772 1469 defensionem
806 1430 1026 1469 servatam
1061 1426 1317 1469 babeamus.

137 1501 330 1544 Primum
363 1500 625 1558 disputaturi
659 1517 813 1544 sumus
846 1501 897 1544 de
931 1501 1125 1544 Socratis
1153 1501 1529 1558 magniloquentia
1552 1502 1593 1546 in
1621 1518 1757 1547 causa

79 1577 364 1621 defendenda.
392 1577 626 1633 Singulare
653 1577 755 1634 quid
774 1582 814 1620 et
833 1592 995 1620 novum
1014 1582 1055 1621 et
1074 1577 1318 1620 inauditum
1337 1582 1427 1621 erat
1446 1577 1520 1621 illa
1537 1579 1756 1635 superbia,

80 1657 121 1696 et
142 1653 376 1696 multorum
402 1653 733 1696 admirationem
759 1653 906 1702 movit,
927 1668 1013 1695 non
1033 1653 1175 1696 solum
1194 1653 1400 1703 iudicum,
1419 1655 1494 1697 sed
1513 1654 1641 1698 etiam
1661 1670 1756 1712 pos-

78 1728 283 1772 teriorum
318 1728 559 1772 hominum.
595 1728 641 1771 In
670 1744 768 1772 eam
796 1728 1103 1785 inquirendum
1133 1729 1210 1771 erit
1234 1732 1393 1785 qualis
1418 1729 1547 1773 fuerit
1565 1730 1687 1787 (Cap.
1707 1731 1754 1784 Ι).

137 1800 300 1848 Deinde
328 1804 593 1860 investigare
627 1809 668 1847 et
699 1819 920 1860 exponere
954 1804 1226 1853 conabimur,
1258 1805 1360 1861 quid
1394 1810 1433 1848 et
1467 1805 1596 1862 quale
1628 1805 1757 1849 fuerit

49 1880 356 1926 -daemonium
406 1879 598 1923 Socratis
645 1879 759 1936 quod
797 1878 1109 1935 gravissimum
1143 1885 1450 1935 argumentum
1484 1885 1575 1924 erat
1607 1881 1756 1925 adver-

79 1955 310 2005 sariorum,
357 1959 402 1998 ut
447 1954 578 1998 simul
626 1954 869 2011 perspicere
913 1954 1149 2011 possimus,
1184 1960 1404 2011 quatenus
1441 1960 1622 2012 uterque
1656 1972 1758 2000 vera

79 2032 129 2075 de
157 2032 238 2074 hoc
265 2030 434 2088 privato
462 2030 655 2079 oraculo,
683 2030 798 2087 quod
828 2030 940 2073 ultro
969 2030 1194 2074 Socratem
1224 2031 1444 2079 monebat,
1474 2031 1514 2073 in
1541 2032 1757 2088 Apologia

78 2121 161 2150 sua
191 2105 414 2150 tradiderit
450 2105 570 2162 (Cap.
604 2105 673 2152 ΙΙ).

136 2182 250 2226 Tum
290 2181 451 2225 similia
488 2186 529 2224 et
570 2181 804 2225 dissimilia
834 2181 947 2224 inter
978 2197 1024 2224 se
1057 2197 1188 2239 quam
1221 2182 1551 2226 accuratissime
1584 2199 1755 2241 compa-

77 2259 303 2311 rabuntur,
336 2262 382 2300 ut
413 2257 552 2301 altera
584 2257 803 2314 Apologia
834 2257 958 2300 alteri
991 2257 1156 2314 speculi
1190 2257 1283 2301 vice
1320 2257 1527 2314 fungatur
1553 2263 1593 2302 et
1620 2259 1757 2303 altera

79 2339 288 2392 tanquam
316 2334 358 2377 in
386 2332 562 2390 speculo
593 2337 729 2376 semet
751 2332 848 2389 ipsa
864 2332 1149 2389 contemplari
1167 2333 1319 2389 possit.
1339 2333 1538 2377 Officium
1558 2339 1754 2378 nostrum

79 2411 158 2453 erit
190 2426 241 2453 ex
271 2425 323 2453 ea
355 2409 680 2465 comparatione
713 2409 868 2453 elicere
903 2410 941 2452 id
976 2411 1090 2466 quod
1126 2425 1276 2453 verum
1305 2415 1343 2453 et
1374 2410 1629 2454 historicum
1659 2428 1756 2455 esse

80 2485 248 2529 videtur
278 2485 399 2542 (Cap.
432 2485 521 2539 ΙΙΙ).

138 2562 375 2609 Postremo,
417 2560 676 2616 cognitionis
716 2560 920 2603 nimirum
963 2565 1003 2603 et
1044 2560 1254 2604 scientiae
1295 2561 1453 2617 cupidi,
1495 2578 1756 2618 cognoscere

78 2636 363 2685 studebimus,
411 2651 522 2692 quae
569 2650 703 2678 causa
746 2634 876 2678 fuerit
924 2636 1037 2693 quod
1088 2636 1194 2679 haec
1240 2636 1402 2680 similia
1443 2641 1481 2679 et
1524 2638 1755 2682 dissimilia

79 2715 309 2768 utrumque
341 2712 549 2768 scriptum
584 2711 760 2754 baberet
794 2712 918 2768 (Cap.
956 2712 1044 2765 1V).

137 2786 202 2829 Ex
241 2802 329 2844 qua
368 2787 647 2843 inquisitione
689 2793 729 2829 et
770 2786 1066 2843 disputatione
1113 2787 1339 2844 apparebit
1382 2803 1467 2830 non
1501 2788 1753 2844 scriptorem

78 2862 319 2918 Apologiae
373 2862 734 2918 Xenophonteae,
782 2863 856 2905 sed
905 2878 1003 2905 eum
1051 2862 1124 2918 qui
1171 2862 1434 2918 Apologiam
1482 2863 1753 2907 Platonicam

79 2938 262 2994 scripsit,
306 2954 403 2981 esse
451 2938 729 2995 aliquatenus
777 2938 1039 2982 imitatorem
1089 2943 1126 2982 et
1170 2939 1445 2995 plagiarium.
1484 2939 1604 2989 Quae
1641 2954 1755 2981 nova
