2019 3299
270 503 318 557 Β)

268 2547 319 2600 D)

272 2847 321 2900 Ε)

1019 154 1097 196 176

356 281 507 323 torem,
557 276 710 320 tironis
762 278 950 321 alicuius
999 278 1161 335 scripta
1194 278 1453 335 inspexisse.
1489 279 1583 322 Hoc
1619 280 1748 336 vulgo
1780 280 1892 324 inter

353 351 600 408 scriptores,
648 352 721 409 qui
771 358 831 396 tot
873 353 1015 402 annis,
1070 354 1248 410 quantis
1297 354 1489 398 comicus
1541 371 1566 398 a
1611 355 1889 413 philosopho,

354 427 532 476 distant,
569 443 655 470 non
690 429 751 471 fit.

413 503 662 546 Admodum
698 504 786 546 veri
830 504 973 547 simile
1007 509 1072 548 est
1106 521 1156 548 eo
1191 510 1399 562 tempore,
1432 521 1517 562 quo
1563 505 1894 552 Ecclesiazusae

354 578 395 621 in
445 594 623 622 scenam
670 579 840 623 delatae
888 585 1003 628 sunt,
1043 580 1244 636 quintum
1278 581 1437 625 librum
1472 581 1757 638 Reipublicae
1791 598 1896 626 non-

354 654 457 697 dum
490 654 698 711 scriptum
735 670 875 712 neque
907 655 1071 698 editum
1106 672 1217 699 esse.

416 730 476 772 De
518 730 769 774 comoediae
814 736 1007 787 tempore
1041 736 1408 775 commentatores
1442 737 1481 775 et
1514 732 1651 776 critici
1683 733 1898 784 dubitant,

356 810 501 849 utrum
533 806 664 862 paulo
698 811 797 863 post
829 822 883 849 an
919 806 1050 863 paulo
1089 811 1190 851 ante
1223 808 1310 851 390
1344 808 1589 864 composita
1621 808 1692 852 sit.

415 880 540 932 Quod
572 882 625 925 ad
658 881 993 939 Rempublicam
1028 882 1196 929 attinet,
1227 883 1357 939 vulgo
1385 883 1649 933 conceditur,
1678 883 1715 928 si
1742 899 1827 928 non
1854 885 1899 928 in

357 961 594 1007 senectute,
628 962 822 1001 attamen
855 958 1093 1001 maturiore
1126 959 1303 1001 demum
1336 963 1478 1002 aetate
1511 959 1630 1002 illam
1659 960 1711 1003 de
1737 959 1903 1018 optima

356 1032 580 1089 republica
613 1033 921 1077 constituenda
953 1034 1196 1077 doctrinam
1232 1034 1457 1078 aPlatone
1476 1050 1573 1078 esse
1590 1036 1897 1093 conscriptam.

416 1108 514 1165 Ipse
543 1111 672 1164 poeta
700 1124 779 1152 nos
804 1109 928 1152 docet
959 1109 1091 1162 (Eccl.
1127 1125 1192 1153 vs.
1224 1109 1327 1163 571)
1353 1125 1472 1153 nova
1503 1125 1601 1154 esse
1624 1111 1785 1162 omnia,
1804 1127 1900 1155 nec·

355 1184 457 1227 dum
504 1184 558 1227 ab
607 1184 706 1227 aliis
755 1185 896 1241 poetis
931 1185 998 1228 vel
1031 1185 1319 1241 scriptoribus
1353 1186 1395 1229 in
1429 1186 1527 1230 aliis
1560 1187 1799 1231 comoediis
1832 1187 1901 1230 vel

357 1260 530 1316 scriptis
573 1260 756 1316 prolata,
800 1277 913 1318 quae
956 1261 997 1304 in
1036 1262 1117 1305 hac
1149 1262 1376 1306 comoedia
1408 1262 1670 1307 exhibentur
1702 1264 1754 1307 de
1787 1279 1900 1307 com-

355 1336 477 1379 muni
514 1335 747 1379 mulierum
780 1353 877 1387 usu,
911 1337 962 1380 de
995 1337 1229 1381 mulierum
1258 1337 1555 1382 etliberorum
1573 1339 1899 1389 communione,

355 1412 406 1455 de
452 1411 716 1456 feminarum
764 1413 1129 1470 emancipatione,
1171 1420 1215 1457 ut
1259 1413 1320 1457 ita
1351 1414 1507 1469 dicam,
1540 1420 1581 1458 et
1615 1414 1812 1472 imperio,
1846 1414 1897 1458 de

354 1487 491 1531 libera
508 1488 744 1532 liberorum
773 1490 1088 1545 procreatione,
1116 1490 1167 1533 de
1195 1490 1385 1539 civitate,
1410 1490 1452 1533 in
1472 1505 1560 1547 qua
1577 1506 1732 1534 omnes
1750 1490 1903 1534 omnia

355 1564 645 1607 communiter
692 1565 941 1621 possident:
987 1567 1084 1605 ἀλλὰ
1126 1567 1289 1618 πέραινε
1321 1569 1447 1618 μόνον
1479 1569 1574 1618 μήτε
1606 1568 1902 1619 δεδραμένα

356 1639 438 1691 μήτ’
474 1642 731 1692 εἰρημένα
764 1644 1034 1693 πρότερον.

418 1715 579 1758 Nullus
619 1715 744 1760 locus
779 1717 1015 1773 parallelus
1049 1722 1123 1761 aut
1156 1718 1270 1775 apud
1305 1717 1416 1761 alios
1450 1717 1641 1761 comicos
1675 1721 1750 1761 aut
1782 1716 1899 1773 apud

355 1790 468 1834 alios
513 1791 748 1848 scriptores
797 1792 977 1836 indicari
1021 1797 1176 1849 potest,
1222 1808 1273 1836 ex
1311 1809 1397 1850 quo
1431 1792 1725 1837 demonstrari
1764 1791 1902 1848 possit

357 1882 454 1910 eam
488 1867 710 1924 politicam
744 1873 783 1911 et
817 1868 1156 1916 oeconomicam,
1191 1874 1237 1912 ut
1270 1869 1406 1918 aiunt,
1442 1868 1684 1912 doctrinam
1716 1868 1771 1912 ab
1803 1867 1902 1911 aliis

358 1942 445 1986 iam
487 1943 703 1999 prolatam
746 1947 787 1986 et
820 1943 1048 1987 defensam
1081 1960 1191 1988 esse.
1225 1944 1350 1987 Nihil
1383 1944 1498 1987 enim
1534 1960 1652 1991 curo.
1686 1944 1779 1987 sive
1812 1959 1902 1987 ver-

357 2017 522 2061 siculus
570 2018 730 2076 aliquis
776 2019 982 2062 laudatur
1028 2019 1217 2063 alicuius
1266 2025 1434 2076 poetae,
1478 2020 1602 2063 cuius
1634 2019 1782 2063 animo
1815 2019 1901 2062 tale

357 2093 474 2150 quid,
525 2097 578 2137 in
625 2097 852 2143 transitu,
901 2100 1162 2145 surrexerat,
1207 2095 1300 2139 sive
1337 2096 1460 2139 locus
1493 2096 1609 2152 apud
1643 2094 1899 2139 historicum

356 2169 561 2226 aliquem,
596 2170 671 2227 qui
703 2176 1016 2214 commemorat
1048 2171 1249 2214 liberiore
1286 2171 1399 2215 vitae
1432 2171 1681 2215 conditione
1713 2170 1777 2214 uti
1804 2187 1900 2215 mu-

357 2244 486 2287 lieres
519 2245 636 2301 apud
673 2245 871 2306 aliquem
906 2246 1129 2303 populum.

416 2320 464 2363 In
500 2320 818 2364 Ecclesiazusis
847 2321 962 2365 enim
999 2348 1048 2353 -—
1077 2322 1342 2365 comicorum
1376 2322 1418 2366 in
1456 2321 1657 2365 modum!
1691 2348 1740 2353 —-
1772 2336 1899 2377 expo-

358 2396 474 2439 nitur
520 2399 737 2441 doctrina
784 2401 1006 2442 accurate
1046 2401 1303 2452 coestructa,
1343 2398 1458 2455 quod
1492 2402 1557 2440 est
1590 2402 1899 2454 argumentum

359 2471 493 2515 totius
526 2472 792 2516 comoediae.

415 2547 525 2590 Illud
559 2550 686 2599 φρένα
721 2550 946 2598 φιλόσοφον
976 2564 1038 2592 vs,
1071 2549 1155 2592 571
1197 2548 1305 2592 nihil
1339 2548 1515 2593 indicat.
1551 2548 1714 2606 Utique
1751 2548 1899 2591 nullus

356 2627 576 2679 spectator
623 2623 722 2666 inde
766 2623 961 2680 intellegi
1004 2624 1143 2681 potuit
1188 2625 1416 2667 Platonem
1450 2624 1633 2680 eiusque
1666 2627 1901 2680 praecepta

359 2697 410 2740 de
458 2697 623 2754 optima
667 2699 894 2755 republica
925 2699 1238 2743 constituenda
1271 2698 1466 2742 derideri.
1501 2699 1735 2756 Nusquam
1762 2698 1804 2742 id
1834 2697 1899 2741 vel

359 2772 585 2816 levissime
618 2773 903 2830 significatur.

418 2847 750 2892 Ecclesiazusae
798 2849 1106 2905 Aristophanis
1149 2849 1509 2893 annumerandae
1551 2854 1654 2891 sunt
1695 2848 1794 2892 aliis
1831 2863 1897 2891 co-

361 2923 543 2965 moediis
590 2924 784 2967 eiusdem
830 2924 995 2973 comici,
1037 2923 1198 2981 quibus
1231 2939 1358 2967 suam
1392 2924 1442 2967 de
1477 2923 1749 2980 reipublicae
1781 2927 1896 2967 statu
