2019 3299
1060 164 1115 209 (36
1713 198 1755 235 ο

307 288 390 338 Qui
438 304 537 330 reus=
584 286 724 330 sactus
767 294 832 331 cst
874 290 1070 333 meditari
1109 292 1219 334 solet
1249 292 1352 348 quid
1380 292 1490 335 dicat
1518 294 1641 349 ‘apud
1678 294 1842 338 iudices
1877 311 1929 337 ne

245 379 382 406 causa
421 364 561 412 cadat,
607 379 714 406 neve
751 369 886 407 morte
921 366 1139 409 multetur.
1178 367 1305 411 Hunc
1340 384 1518 422 morem,
1553 369 1759 412 omnibus
1793 369 1928 412 homi-

246 438 374 482 nibus
417 444 574 482 natura
609 440 774 488 datum,
810 456 895 483 non
934 441 1179 497 neglexisse
1213 443 1439 487 Socratem
1471 449 1815 488 consentaneum
1851 451 1929 488 est.

248 514 363 557 Deus
394 520 556 564 autem,
589 515 663 573 qui
697 516 791 558 eius
811 517 945 559 vitam
981 533 1055 573 per
1082 518 1364 562 daemonium
1395 520 1673 565 iii-omnibus
1691 521 1786 564 eius
1804 520 1931 564 factis

242 589 455 647 dictisque
490 591 781 646 gubernabat,
810 591 1012 635 clientem
1046 609 1175 636 suum
1208 594 1372 638 diutius
1407 595 1552 640 vivere
1585 597 1725 640 noluit
1753 601 1793 639 et
1821 596 1930 639 mori

244 681 342 708 eum
392 666 478 709 iam
528 666 684 710 melius
732 667 853 710 duxit
893 668 995 719 (vid.
1040 668 1184 718 infra).
1218 669 1313 720 Quo
1348 670 1512 715 factum
1548 677 1613 716 est
1647 677 1693 715 ut
1726 672 1931 716 Socrates

245 741 487 784 orationem
524 742 816 785 meditaturus
859 743 1091 786 daemonio
1132 744 1451 789 interveniente
1484 747 1566 790 hac
1603 747 1644 790 in
1678 762 1723 790 re
1755 746 1932 803 impedi-

242 821 372 860 retur.
407 817 592 860 Vincere
626 817 834 860 iudicium
869 834 980 873 opus
1019 835 1105 862 non
1140 825 1245 863 erat.
1282 820 1660 877 Imparatissimus
1693 837 1793 878 ergo
1812 827 1852 865 et
1880 837 1931 866 ex

245 897 440 949 tempore
488 893 623 936 verba
670 893 828 937 fecisse
877 894 1083 938 Socrates
1131 896 1245 952 apud
1281 896 1446 940 iudices
1480 898 1702 954 putandus
1735 903 1797 941 est
1829 897 1931 949 (vid.

245 967 389 1018 infra).
438 967 558 1012 Haec
605 984 717 1025 quae
766 969 928 1025 optime
976 970 1225 1022 cohaerent,
1269 976 1368 1027 apte
1411 977 1450 1015 et
1488 972 1714 1016 hominum
1749 977 1932 1016 naturae

245 1042 559 1087 convenienter
591 1044 840 1094 decurrunt,
875 1044 1004 1088 nobis
1037 1061 1062 1089 a
1094 1045 1390 1102 Xenophonte
1425 1042 1670 1092 traduntur.

305 1118 498 1162 Verbum
542 1120 657 1176 quod
701 1124 768 1164 est
810 1121 1096 1177 ἐναντιιοῦσθαι
1140 1122 1363 1178 proprium
1398 1129 1461 1166 est
1496 1124 1717 1167 daemonii
1748 1123 1932 1167 interve-

246 1194 406 1238 nientis
453 1200 493 1238 et
540 1196 656 1251 apud
705 1201 942 1253 utrumque
987 1197 1241 1254 scriptorem
1285 1198 1328 1241 in
1372 1203 1556 1256 utraque
1599 1199 1804 1257 apologia
1835 1199 1933 1256 plus

245 1270 381 1314 semel
421 1270 594 1327 legitur.
637 1272 767 1328 Apud
811 1272 1152 1329 Xenophontem
1197 1279 1342 1317 autem
1388 1291 1472 1318 nou
1514 1275 1554 1318 in
1590 1274 1748 1318 iudicio
1780 1275 1854 1318 sed
1889 1275 1930 1318 in

247 1346 466 1404 colloquio
513 1363 611 1390 cum
659 1348 823 1402 optimo
867 1349 1009 1392 amico
1047 1350 1129 1393 hoc
1163 1351 1295 1394 verbo
1327 1351 1464 1394 utitur
1496 1351 1724 1400 Socrates;
1758 1351 1800 1394 in
1834 1351 1933 1408 ipsa

247 1422 444 1466 oratione
491 1424 607 1481 apud
655 1424 821 1468 iudices
869 1426 919 1468 de
966 1426 1199 1470 daemonio
1246 1427 1461 1470 eiusmodi
1509 1427 1813 1470 confessiones
1845 1442 1931 1470 non

245 1499 450 1556 leguntur
477 1504 517 1542 et
548 1515 817 1557 quamquam
847 1517 932 1544 non
961 1502 1110 1545 omnia
1136 1518 1250 1559 quae
1278 1518 1303 1546 a
1331 1503 1512 1546 Socrate
1529 1502 1787 1547 dicebantur
1804 1503 1932 1546 nobis

247 1590 273 1618 a
303 1574 357 1618 X.
386 1575 548 1618 tradita
574 1580 692 1625 sunt,
720 1576 847 1619 nobis
875 1593 1138 1634 persuasum
1165 1582 1229 1621 est
1247 1578 1365 1628 talia,
1385 1594 1499 1636 quae
1517 1578 1735 1622 interioris
1753 1578 1933 1622 notitiae

246 1655 363 1701 sunt,
407 1651 459 1694 de
498 1651 730 1695 daemonio
774 1667 855 1695 suo
891 1668 990 1695 eum
1025 1669 1110 1696 non
1145 1654 1545 1698 communicavisse
1572 1670 1669 1698 cum
1701 1654 1933 1704 iudicibus,

247 1742 387 1783 neque
434 1727 475 1770 id
523 1728 740 1779 quadrare
781 1728 825 1771 in
875 1728 1098 1772 hominem
1143 1730 1415 1779 damnatum,
1460 1746 1599 1788 neque
1633 1730 1674 1773 in
1708 1730 1933 1774 Socratem

244 1807 443 1846 nostrum
473 1804 709 1860 superbum
740 1809 871 1861 atque
899 1805 1105 1848 acerbum
1135 1821 1272 1849 reum.
1300 1805 1396 1849 Hoc
1414 1805 1559 1863 ipsum
1577 1806 1774 1864 estquod
1794 1806 1933 1862 primo

243 1879 393 1923 statim
422 1879 581 1922 obtutu
610 1880 727 1937 apud
746 1880 974 1924 Platonem
993 1881 1209 1938 displicet.
1226 1881 1462 1926 Praeterea
1477 1882 1715 1926 admodum
1737 1882 1937 1925 miranda

247 1954 416 1997 videtur
448 1955 668 1999 confessio
696 1956 772 2000 illa
799 1957 996 2000 suaviter
1021 1957 1360 2017 communicat-a,
1392 1957 1520 2015 quasi
1546 1974 1647 2002 vero
1675 1958 1796 2001 fieret
1824 1957 1936 2001 inter

244 2030 434 2086 optimos
467 2036 506 2074 et
540 2031 824 2077 fidelissimos
857 2033 1037 2083 amicos,
1071 2037 1127 2078 de
1157 2036 1409 2078 daemonio
1441 2037 1564 2090 quod
1597 2037 1809 2079 columen
1836 2037 1937 2078 erat

245 2110 586 2152 (accusationis.
635 2108 731 2151 Hoc
777 2113 844 2152 est
886 2114 962 2153 aut
1009 2125 1210 2153 summae
1253 2110 1553 2167 impudentiae
1596 2115 1671 2153 aut
1712 2109 1939 2167 scriptoris

243 2181 478 2226 lectoribus
524 2183 618 2227 suis
661 2184 762 2228 ficta
815 2185 1100 2242 proponentis
1158 2186 1231 2242 qui
1286 2185 1416 2228 simul
1464 2191 1625 2242 sperat,
1675 2185 1842 2242 opinor,
1890 2202 1936 2228 se

242 2259 349 2304 talia
380 2260 599 2303 occultare
633 2275 764 2316 posse
798 2276 894 2303 cum
931 2261 1155 2304 dimidiam
1192 2266 1359 2317 partem
1393 2261 1588 2305 criminis
1618 2261 1854 2318 impietatis
1882 2289 1933 2293 —-

242 2336 357 2393 quod
405 2335 459 2378 ad
507 2335 789 2379 daemonium
833 2336 1021 2391 pertinet
1066 2363 1114 2367 —-
1161 2337 1202 2379 in
1247 2337 1463 2393 Apologia
1502 2353 1583 2380 sua
1622 2336 1938 2381 conscribenda

243 2411 331 2454 alto
364 2410 539 2453 silentio
578 2415 819 2466 praetereat
854 2416 894 2453 et
927 2427 1056 2454 suum
1091 2411 1132 2454 in
1166 2427 1295 2454 usum
1330 2416 1585 2455 commutet.
1618 2412 1672 2454 Et
1704 2412 1740 2455 si
1769 2428 1813 2456 re
1834 2428 1936 2456 vera

246 2485 546 2541 Hermogenes
590 2490 744 2529 auctor
784 2486 892 2530 haec
930 2486 1219 2543 Xenophonti
1250 2487 1541 2537 denuntiavit,
1575 2487 1769 2544 suspicio
1802 2488 1938 2531 oritur
1980 2543 1982 2546 .

241 2560 471 2604 Platonem
507 2561 620 2604 hanc
654 2561 873 2604 daemonii
903 2561 1276 2611 intercessionem,
1307 2578 1438 2619 quam
1459 2563 1577 2619 apud
1595 2562 1935 2620 Xenophontem

243 2636 487 2683 invenerat,
522 2636 564 2678 in
598 2651 726 2678 suum
763 2651 906 2685 usum,
940 2636 1208 2680 contrarium
1239 2637 1280 2679 in
1310 2638 1503 2687 modum,
1533 2637 1819 2683 convertisse.
1851 2638 1935 2681 nisi

242 2709 352 2753 forte
399 2710 512 2754 alius
562 2726 737 2768 quoque
785 2711 1031 2767 Apologiae
1075 2712 1261 2768 scriptor
1295 2712 1426 2756 talem
1463 2712 1781 2770 praefationem
1817 2729 1935 2770 prae-

242 2785 437 2828 miserat.
472 2785 644 2828 Etenim
681 2786 722 2828 in
757 2787 1015 2830 universum
1049 2803 1147 2829 cum
1188 2787 1344 2830 ceteris
1373 2788 1527 2831 amicis
1558 2793 1727 2845 praeter
1756 2789 1934 2832 Hermo-

240 2876 395 2914 genem
443 2860 494 2903 de
542 2861 799 2904 defensione
847 2862 1073 2905 Socratem
1133 2862 1398 2906 collocutum
1461 2879 1557 2906 esse
1605 2864 1808 2906 credibile
1855 2869 1934 2906 est.

241 2935 489 2991 Xenophon
524 2945 672 2978 autem
708 2936 749 2978 in
785 2952 865 2979 sua
894 2937 1112 2993 Apologia
1140 2952 1311 2981 novam
1336 2941 1583 2982 ‘materiem
1602 2941 1935 2994 contulitquae
