2019 3299
1050 205 1077 250 2

219 332 538 377 confabulatur.
586 333 715 390 Apud
762 333 989 377 Platonem
1033 332 1128 376 eius
1170 331 1308 376 oratio
1350 330 1714 381 academicorum,
1756 337 1801 375 u't
1842 331 1905 376 ita

218 408 376 458 dicam,
411 409 677 452 urbanitatis
710 408 929 466 quendam
963 407 1151 451 colorem
1184 407 1334 451 habet.
1373 406 1495 450 Unde
1527 406 1573 450 fit
1604 411 1651 450 ut
1683 406 1763 450 viri
1789 407 1905 451 docti

219 484 274 527 ad
320 499 444 528 arma
491 484 780 533 conclament,
834 483 1065 527 vociferari
1111 482 1337 540 incipiant,
1387 482 1654 539 simulatque
1698 508 1748 514 —
1787 482 1905 540 apud

219 559 355 603 alium
398 560 654 616 scriptorem
691 586 741 591 —-
776 559 896 602 illam
935 558 1244 611 urbanitatem.
1277 557 1398 601 illam
1433 562 1599 601 vestem
1633 557 1904 602 Platonicam

219 636 364 679 abicit.
398 635 443 678 L.
478 635 672 679 Scmurz
710 635 752 678 in
788 634 1067 691 ephemeride
1099 633 1364 690 philologica
1403 632 1604 690 Anglica‚
1644 634 1714 677 cui
1745 649 1903 677 nomen

221 716 313 755 erat
364 712 484 765 „The
531 713 754 756 classical
801 708 1068 759 Musewn’',
1115 708 1210 752 Vol.
1254 708 1292 751 II
1328 708 1440 752 1845
1474 724 1513 765 p.
1546 709 1633 752 226
1665 708 1779 753 hanc
1810 725 1905 753 sen-

221 786 403 829 tentiam
436 785 622 843 profert:

283 861 455 915 „There
501 861 539 904 is
587 861 744 905 indeed
791 877 816 905 a
865 861 971 904 kind
1023 860 1071 904 of
1115 865 1379 914 μεγαληγορία
1429 860 1692 917 perceptible
1738 861 1780 904 in
1831 861 1906 905 the

221 937 530 982 Memorabilia
573 952 622 981 as
670 937 770 981 well
802 952 851 980 as
883 936 927 980 in
960 935 1127 980 Plato’s
1158 935 1375 993 Apology,
1410 935 1485 979 but
1517 936 1546 979 it
1579 936 1617 979 is
1649 952 1754 993 very
1785 936 1908 981 diffe-

221 1018 315 1056 rent
357 1013 470 1056 from
514 1013 610 1056 that
652 1013 757 1056 with
801 1012 944 1056 which
978 1028 1043 1055 we
1077 1012 1255 1055 become
1287 1011 1549 1068 acquainted
1582 1012 1624 1055 in
1656 1013 1730 1055 the
1763 1011 1908 1056 Xeno-

218 1089 456 1146 phonteam
506 1089 724 1146 Apology‚
774 1089 860 1132 and
912 1088 1054 1131 which
1104 1088 1140 1130 is
1188 1092 1263 1130 not
1311 1087 1500 1131 attested
1548 1087 1605 1144 by
1653 1103 1741 1145 any
1782 1087 1909 1132 other

221 1165 471 1220 authority3
514 1164 545 1208 it
588 1165 639 1214 is,
683 1170 726 1207 to
770 1165 822 1208 be
856 1164 980 1213 brief,
1016 1164 1208 1221 opposed
1241 1169 1284 1206 to
1318 1163 1375 1206 all
1408 1179 1473 1206 we
1506 1163 1637 1207 know
1669 1163 1804 1207 about
1833 1163 1908 1207 the

220 1241 447 1285 character
477 1241 524 1284 of
548 1242 752 1284 Socrates
785 1240 898 1284 from
932 1240 1055 1284 other
1087 1254 1278 1288 sources,
1313 1239 1399 1282 and
1431 1239 1559 1283 bears
1590 1245 1743 1296 strong
1760 1239 1909 1284 marks

222 1316 270 1360 of
306 1317 380 1360 the
429 1316 719 1373 exaggerated
763 1316 939 1360 notions
972 1315 1115 1359 which
1149 1331 1175 1359 a
1207 1314 1473 1358 rhetorician
1508 1315 1606 1359 who
1638 1315 1756 1359 lived
1787 1315 1909 1359 three

222 1408 270 1436 or
325 1392 424 1436 four
479 1392 698 1436 centuries
755 1392 864 1435 later
923 1392 1066 1435 would
1125 1390 1351 1448 naturally
1407 1391 1519 1434 from
1567 1390 1615 1434 of
1657 1390 1907 1436 Socrates.”

221 1468 348 1512 Alius
382 1468 446 1511 vir
478 1468 630 1512 doctus
663 1468 831 1512 Ksfflffl.
863 1468 906 1511 in
942 1467 1229 1512 annotatione
1262 1467 1647 1511 commentationis
1678 1467 1730 1511 de
1762 1466 1909 1511 Xeno·

222 1544 400 1602 phontis
448 1544 712 1602 Cynegetico
760 1544 868 1588 haec
912 1544 1147 1588 exclamat:
1196 1543 1312 1598 „Das
1354 1543 1516 1593 thema,
1559 1543 1662 1587 dass
1703 1542 1910 1587 Socrates

221 1620 358 1664 durch
385 1620 505 1664 seine
532 1624 798 1674 ιιιεγαληγοριέι
821 1636 868 1664 es
888 1620 964 1663 mit
983 1620 1064 1664 den
1086 1620 1292 1663 Richtern
1313 1619 1557 1663 verdorben
1572 1619 1686 1663 habe
1701 1618 1746 1675 (ξ
1767 1620 1804 1663 1.
1822 1619 1911 1673 32.)

225 1696 329 1740 wird
368 1712 416 1740 so
460 1696 744 1753 ungeschickt
786 1696 1099 1753 durchgefuhrt
1143 1696 1246 1740 dass
1286 1696 1491 1740 Socrates
1538 1695 1605 1739 als
1651 1694 1787 1739 Mann
1822 1710 1907 1738 von

221 1772 560 1817 zweifelhaftem
577 1772 855 1817 Geschmack
874 1772 962 1816 und
981 1770 1909 1828 unzweifelhafterAnmassungerscheint;

223 1865 314 1893 war
360 1849 438 1893 das
486 1849 706 1893 Socrates’
755 1849 911 1897 Natur,
955 1864 1003 1891 so
1039 1847 1192 1891 durfen
1224 1848 1304 1891 wir
1336 1848 1403 1891 die
1436 1846 1768 1891 Memorabilien
1798 1846 1908 1890 eben

222 1941 272 1969 so
320 1926 462 1982 wenig
510 1925 590 1969 wie
634 1925 788 1969 Platon
833 1925 898 1968 als
940 1930 1116 1981 getreue
1150 1923 1434 1980 Darstellung
1465 1923 1611 1967 seines
1643 1922 1911 1966 Charakters

222 2001 433 2050 ansehen,
479 2016 528 2044 so
578 2000 809 2044 verstehen
853 2000 930 2043 wir
973 2000 1220 2056 uberhaupt
1252 1998 1473 2044 Socrates’
1506 1998 1700 2041 Einfluss
1730 1997 1812 2041 auf
1838 1997 1909 2041 die

223 2076 464 2120 Menschen
497 2091 575 2133 gar
607 2076 724 2119 nicht
758 2075 926 2120 mehr.”

281 2152 406 2203 Quae
449 2152 535 2195 duo
578 2151 765 2195 crimina
802 2151 1032 2194 infirmiter
1065 2166 1171 2194 sane
1204 2150 1327 2195 OTTo
1354 2150 1491 2194 chss
1522 2150 1566 2194 in
1600 2149 1910 2193 dissertatione

222 2228 291 2271 cui
337 2227 491 2271 titulus
536 2229 862 2283 Xenophontis
908 2241 1030 2284 qnae
1070 2229 1225 2283 fertur
1265 2228 1491 2282 Apologia
1536 2226 1751 2271 Socratis
1789 2240 1909 2270 num

220 2306 432 2359 genuina
471 2306 694 2358 putanda
735 2306 799 2348 sit
833 2318 930 2360 pag.
981 2303 1073 2352 123,
1117 2302 1310 2346 refutare
1352 2306 1537 2345 conatur
1578 2301 1698 2344 hisce
1741 2300 1907 2344 verbis:

226 2380 309 2433 „At
347 2378 462 2421 enim
493 2379 674 2436 antiquo
703 2378 870 2421 homini
897 2378 1028 2421 talem
1059 2393 1306 2421 sermonem
1327 2377 1464 2421 multo
1483 2377 1630 2420 minus
1647 2375 1910 2420 insolentem

225 2453 366 2497 visum
400 2469 497 2497 esse
529 2470 702 2503 censeo,
737 2469 822 2497 non
857 2469 944 2511 quo
972 2469 1052 2497 nos
1087 2453 1172 2496 illis
1205 2453 1346 2509 magis
1380 2453 1555 2497 animos
1587 2457 1763 2496 nostros
1794 2467 1910 2496 com-

224 2529 476 2585 primamus,
511 2530 586 2573 sed
619 2530 722 2587 quia
756 2529 818 2572 illi
846 2545 958 2586 quae
988 2529 1201 2572 sentirent
1229 2529 1376 2572 minus
1402 2544 1535 2586 quam
1555 2544 1644 2572 -nos
1671 2527 1910 2572 didicerant

223 2604 378 2647 celare.
422 2604 514 2647 Nec
547 2604 781 2661 quicquam
815 2604 934 2648 aliud
968 2605 1047 2648 hac
1077 2619 1128 2647 ex
1162 2610 1282 2661 parte
1314 2604 1426 2647 inter
1459 2603 1732 2648 Platonicam
1763 2602 1910 2646 Xeno·

221 2679 550 2737 phonteamque
579 2680 772 2726 interest,
803 2679 888 2723 nisi
916 2679 1056 2728 fallor,
1084 2680 1362 2737 Apologiam,
1393 2679 1476 2722 nisi
1504 2679 1560 2729 id,
1593 2684 1640 2722 ut
1669 2679 1736 2722 hic
1762 2678 1909 2721 incon-

223 2754 312 2797 dita
345 2760 385 2797 et
431 2755 527 2798 rudi
578 2771 680 2798 voce
729 2756 842 2798 idem
891 2755 1019 2803 dicat,
1073 2755 1187 2812 quod
1235 2755 1306 2799 ille
1350 2755 1491 2799 ironia
1524 2754 1751 2799 Socratica
1782 2753 1912 2811 quasi

224 2829 414 2883 quodam
449 2830 545 2872 velo
580 2830 873 2873 subtilissimo
907 2830 1139 2873 involvit.”

282 2904 369 2948 Alii
401 2920 573 2962 quoque
621 2905 875 2949 defensores
909 2906 1036 2963 Apol.
1071 2905 1184 2949 Xen.
1219 2921 1306 2949 non
1342 2906 1479 2950 multa
1511 2906 1562 2949 de
1595 2906 1677 2949 hac
1704 2904 1911 2962 superbia

225 2979 359 3023 verba
400 2980 580 3023 faciunt.
624 2981 875 3024 Acerrimus
908 2987 1121 3038 patronus
1155 2997 1190 3029 e,
1224 2996 1264 3037 g.
1298 2981 1354 3024 M.
1390 2981 1583 3025 szffi
1613 2980 1755 3035 (Neue
1785 2979 1910 3024 Jahr-
