2019 3299
921 191 968 233 51

112 318 213 361 tulis
254 316 492 360 amicitiam
537 316 722 371 primum
762 314 1108 358 discindentibus
1152 315 1307 358 deinde
1348 315 1479 371 paulo
1518 320 1614 371 post
1647 315 1789 359 denuo

112 407 323 436 renovare
355 391 647 446 cupientibus,
683 388 753 442 οἷς,
788 392 882 430 ὅταν
912 393 1030 430 πάλιν
1062 392 1232 430 ἔλθωσιν
1265 393 1446 441 δεόμενοι
1476 398 1542 442 τῆς
1575 391 1669 442 ἐμῆς
1700 393 1791 439 ξυν-

112 469 249 515 ουσίας
289 468 354 507 καὶ
393 468 608 518 θαυμαστὰ
649 468 830 517 δρῶντες,
871 467 990 512 ἐνίοις
1032 464 1104 515 μὲν
1140 466 1181 505 τὸ
1214 466 1451 517 γιγνόμενόν
1483 482 1548 516 μοι
1581 466 1791 516 δαιμόνιον

111 543 333 583 ἀποκωλύει
366 546 556 594 ξυνεῖναι,
586 543 704 590 ἐνίοις
736 542 777 582 δὲ
810 543 852 596 ἐᾷ
884 542 950 581 καὶ
981 544 1099 581 πάλιν
1131 542 1242 581 αὐτοὶ
1275 542 1511 581 ἐπιδιδόασι.

169 617 308 660 Alcib.
339 618 421 661 103
449 617 501 660 A.
522 617 570 660 Β.
613 620 754 658 τούτου
787 617 828 656 δὲ
860 618 901 656 τὸ
933 618 1060 656 αἴτιον
1092 617 1254 669 γέγονεν
1286 617 1359 656 οὐκ
1392 617 1663 667 ἀνθρώπειον,
1694 617 1791 657 ἀλλά

110 711 144 733 τι
189 693 397 744 δαιμόνιον
444 694 680 745 ἐναντίωμα,
725 689 773 732 οὗ
820 693 869 732 σὺ
912 692 984 743 τὴν
1026 693 1200 741 δύναμιν
1242 692 1306 730 καὶ
1338 693 1504 743 ὕστερον
1536 695 1683 732 πεύσει·
1715 701 1790 732 νῦν

111 768 148 810 δ’
178 770 312 819 ἐπειδὴ
339 769 468 809 οὐκέτι
486 769 731 820 ἐναντιῶται,
747 770 848 808 οὕτω
867 769 1158 820 προσελήλυθα·
1178 767 1332 814 εὔελπις
1351 767 1392 806 δέ
1411 768 1488 817 εἰμι
1505 767 1628 806 καὶτὸ
1651 769 1790 807 λοιπὸν

109 845 160 896 μὴ
216 845 526 884 ἐναντιώσεσθαι
582 845 691 895 αὐτό,
746 843 787 886 id
845 843 959 900 quod
1020 842 1210 885 vidimus
1266 841 1520 884 Antistheni
1579 841 1788 897 obtigisse

108 919 274 975 (Symp.
310 918 426 961 VIII.
460 918 521 968 5).
1420 924 1422 926 ’

165 995 398 1037 Praeterea
439 993 480 1035 in
524 993 675 1036 eodem
719 993 893 1049 dialogo
936 993 1018 1035 105
1037 992 1085 1034 E.
1122 993 1293 1048 νεωτέρῳ
1312 992 1382 1043 μὲν
1411 989 1484 1033 οὖν
1518 992 1599 1032 ὄντι
1633 1007 1693 1033 σοι
1724 994 1790 1033 καὶ

106 1071 198 1122 πρὶν
229 1072 420 1120 τοσαύτης
453 1070 609 1116 ἐλπίδος
642 1070 786 1121 γέμειν,
817 1069 868 1117 ὡς
900 1070 984 1120 ἐμοὶ
1018 1072 1139 1120 δοκεῖ,
1171 1070 1244 1109 οὐκ
1276 1070 1336 1108 εἴα
1363 1068 1382 1108 ὃ
1409 1070 1505 1116 θεὸς
1523 1069 1791 1121 διαλέγεσθαι,

106 1147 172 1185 ἵνα
216 1146 268 1196 μὴ
316 1146 442 1196 μάτην
490 1146 758 1198 διαλεγοίμην·
806 1152 882 1184 νῦν
929 1144 970 1184 δὲ
1012 1146 1145 1196 ἐφῆκε.
1188 1142 1284 1194 Quo
1316 1143 1413 1186 loco
1447 1143 1490 1186 in
1525 1143 1657 1186 dubio
1690 1159 1786 1186 sum

107 1225 250 1263 utrum
294 1220 426 1262 verbo
467 1221 588 1271 ἐφῆκε
630 1220 894 1263 concedendi
937 1225 1012 1263 aut
1046 1219 1224 1262 iubendi
1258 1219 1324 1262 vis
1358 1218 1475 1262 insit.
1508 1218 1631 1262 Haec
1662 1219 1789 1262 inter-

107 1295 288 1351 pretatio
319 1295 526 1339 indicium
560 1299 675 1338 esset
706 1294 927 1338 daemonii
960 1293 1236 1338 adhortantis
1258 1322 1306 1325 —
1327 1294 1442 1350 apud
1475 1294 1727 1337 Platonem!

164 1370 326 1413 Deinde
354 1370 493 1413 Alcib.
527 1370 607 1413 124
626 1370 671 1422 C,
701 1374 811 1419 Θεός,
838 1372 956 1422 ὅσπερ
984 1374 1050 1410 σοί
1075 1387 1120 1421 με
1148 1371 1221 1410 οὐκ
1248 1372 1306 1410 εἴα
1336 1371 1540 1421 πρὸτῆςδε
1557 1378 1621 1422 τῆς
1640 1369 1788 1421 ἡμέρας

104 1449 374 1498 διαλεχθῆναι.
416 1446 556 1489 Locus
600 1446 821 1489 notabilis.
864 1445 1075 1488 Videmus
1119 1445 1403 1488 daemonium
1438 1450 1478 1487 et
1511 1445 1639 1487 deum
1674 1444 1785 1487 idem

104 1521 221 1564 esse!
271 1521 390 1564 Idem
441 1520 576 1565 105E
624 1523 698 1562 οὐκ
739 1523 798 1561 εἴα
843 1522 862 1561 ὁ
905 1523 1008 1568 θεός.
1034 1521 1203 1564 Laches
1230 1520 1379 1569 2010,
1416 1521 1523 1560 Ἀλλὰ
1555 1522 1722 1571 ποιήσω,
1758 1517 1786 1560 ὦ

105 1599 321 1649 Λυσίμαχε,
348 1605 484 1647 ταῦτα,
515 1598 580 1636 καὶ
612 1598 692 1649 ἥξω
725 1598 833 1648 παρὰ
866 1596 907 1636 σὲ
940 1598 1096 1647 αὔριον,
1129 1597 1198 1636 ἐὰν
1231 1597 1328 1643 θεὸς
1351 1596 1613 1652 ἕθέλῃ,(]ι]ὃ.θ
1632 1595 1787 1638 ultima

105 1672 249 1720 verba,
292 1672 452 1715 collata
483 1687 581 1728 pag.
620 1672 706 1715 200
725 1672 773 1720 D,
807 1672 861 1715 ad
889 1671 1170 1715 daemonium
1203 1671 1273 1714 hic
1305 1687 1477 1728 quoque
1509 1671 1784 1714 referendum

101 1762 197 1790 esse
244 1763 415 1796 censeo,
463 1749 545 1788 ἐπεὶ
592 1748 667 1787 κᾶν
713 1749 785 1800 ἐγὼ
827 1750 893 1788 τὸν
937 1749 1168 1800 Νικήρατον
1200 1751 1323 1804 τούτῳ
1358 1749 1498 1799 ἥδιστα
1530 1748 1788 1799 ἐπιτρέποιμι,

101 1824 133 1862 εὶ
163 1823 294 1862 ἐθέλοι
326 1819 451 1870 οὗτος·
485 1823 582 1862 ἀλλὰ
613 1823 686 1876 γὰρ
721 1824 864 1870 ἄλλους
897 1840 961 1871 μοι
996 1824 1176 1863 ἑκάστοτε
1212 1825 1454 1873 ξυνίστησιν,
1487 1823 1580 1862 ὅταν
1611 1839 1646 1861 τι
1679 1823 1784 1877 αὐτῷ

99 1899 186 1949 περὶ
215 1900 357 1938 τούτου
390 1904 574 1950 μνησθῶ,
607 1900 725 1945 αὐτὸς
759 1897 801 1938 δὲ
829 1900 901 1938 οὐκ
933 1899 1060 1938 ἐθέλει
1092 1916 1124 1938 κ.
1144 1916 1174 1939 τ.
1194 1903 1225 1937 λ.

157 1973 432 2016 Postremum
466 1973 669 2029 Theages
708 1974 787 2017 129
809 1973 854 2016 E.
891 1973 1016 2016 nobis
1044 1989 1217 2016 omnem
1247 1988 1335 2016 rem
1365 1972 1513 2015 ordine
1542 1977 1715 2016 enarrat
1744 1977 1784 2015 et

99 2047 271 2103 plenam
320 2048 451 2092 huius
500 2049 636 2105 partis
684 2065 826 2092 rerum
874 2049 1197 2092 Socraticarum
1244 2048 1545 2092 condicionem
1592 2049 1783 2105 exponit.

98 2123 337 2180 Postquam
370 2125 484 2167 enim
520 2125 780 2168 adulescens
819 2125 885 2167 vel
921 2124 1091 2168 iuvenis
1125 2124 1166 2167 in
1202 2124 1547 2168 familiaritatem
1579 2128 1783 2181 acceptus

98 2203 176 2247 est,
232 2198 394 2255 optime
451 2199 541 2242 fieri
602 2205 742 2253 potest
803 2205 848 2243 ut
895 2199 1176 2243 daemonium
1227 2199 1478 2249 intercedat,
1527 2199 1580 2242 cf.
1628 2199 1780 2256 Symp.

99 2273 212 2316 Xell.
245 2273 362 2317 VIII.
395 2276 451 2324 5.,
486 2274 625 2317 Alcib.
660 2274 770 2317 Plat.
809 2274 944 2318 103ss
988 2276 1141 2322 εὔελπις
1185 2276 1226 2314 δέ
1267 2277 1344 2326 εἰμι
1387 2276 1452 2315 καὶ
1484 2277 1525 2315 τὸ
1555 2278 1695 2315 λοιπὸν
1728 2278 1780 2327 μὴ

97 2350 409 2390 ἐναντιώσεσθαι
441 2351 551 2390 αὐτὸ.

154 2423 308 2467 Utrum
349 2424 407 2467 dii
449 2424 621 2481 propitii
668 2424 866 2468 mansuri
905 2425 992 2467 sint
1023 2440 1186 2474 annon,
1220 2425 1301 2468 hoc
1333 2440 1508 2482 quoque
1541 2424 1778 2474 incertum;

97 2498 150 2542 cf.
197 2499 323 2542 Alcib
374 2500 510 2543 105D
544 2500 630 2540 “Ota
671 2501 739 2540 ἐὰν
786 2501 880 2547 θεὸς
928 2501 1067 2556 ἐθέλῃ;
1109 2499 1249 2543 Alcib.
1299 2500 1434 2543 127E
1466 2501 1531 2540 καὶ
1563 2501 1632 2540 ἐὰν
1665 2508 1779 2541 τοῦτο

96 2583 224 2631 ποιῇς,
268 2575 317 2614 ἂν
362 2577 458 2623 θεὸς
504 2576 636 2630 ἐθέλῃ,
682 2577 719 2614 εἴ
760 2592 793 2614 τι
838 2578 901 2615 δεῖ
935 2576 999 2614 καὶ
1038 2584 1083 2631 τῇ
1116 2576 1188 2631 ἐμῇ
1221 2577 1384 2630 μαντείᾳ
1416 2577 1628 2626 πιστεύειν,
1661 2578 1709 2616 σύ
1743 2592 1779 2615 τε

95 2650 201 2703 κάγὼ
232 2651 385 2701 βέλτιον
419 2652 630 2702 σχήσομεν.

155 2724 316 2768 Eadem
363 2725 524 2768 locutio
571 2725 755 2769 Tlleaet.
811 2726 944 2769 151D
991 2727 1060 2766 ἐὰν
1101 2727 1174 2779 γὰρ
1217 2728 1312 2774 θεὸς
1355 2727 1472 2782 ἐθέλῃ
1504 2727 1569 2766 καὶ
1601 2727 1779 2782 ἀνδρίζῃ,

97 2796 179 2847 οἶός
212 2799 238 2839 τ’
274 2802 365 2843 ἔσει.

152 2874 371 2931 Imprimis
413 2881 560 2920 autem
606 2876 791 2920 Theaet.
840 2877 975 2920 150D
1018 2879 1160 2925 πάντες
1204 2876 1245 2916 δὲ
1276 2879 1495 2929 προϊούσης
1536 2884 1602 2929 τῆς
1634 2880 1775 2925 ξυνου-

98 2951 197 3000 σίας,
223 2947 358 3003 οἶσπερ
391 2951 440 2990 ἂν
473 2951 493 2991 ὃ
525 2953 620 3000 θεὸς
652 2954 834 3008 παρείκῃ,
864 2953 1103 3003 θαυμαστὸν
1138 2953 1233 2992 ὅσον
1266 2952 1523 3000 ἐπιδιδόντες.
