2019 3299
894 200 973 243 131

158 322 256 379 Ipse
287 327 433 366 autem
465 322 603 365 filium
638 322 824 366 educare
858 338 944 366 non
979 327 1165 380 poterat.

96 423 97 426 =
160 397 280 441 Haec
314 398 462 441 omnia
493 396 602 440 satis
634 397 775 440 lucide
807 398 996 441 dilucent
1029 398 1069 441 in
1105 398 1219 441 Men.
1248 398 1357 442 Plat.

158 472 353 516 Primum
396 473 510 529 quod
544 472 747 515 Socrates
780 473 948 516 acerbis
988 473 1130 516 verbis
1165 489 1270 516 usus
1303 477 1394 516 erat
1426 472 1467 515 in
1502 473 1698 528 Anytum
1739 477 1780 515 et

99 548 212 591 hanc
242 563 415 605 quoque
447 547 501 590 ob
534 563 714 590 causam
747 554 979 591 accusatus
1012 552 1104 591 erat
1135 548 1190 591 ab
1224 564 1288 597 eo,
1323 563 1467 590 nonne
1499 547 1607 590 illud
1642 562 1693 590 ex
1711 546 1779 589 his

99 621 243 666 verbis
275 637 485 680 apparere
519 622 703 672 Videtur,
735 622 792 665 94
824 622 873 665 Ε.
899 618 948 662 ῗ,Ω
980 625 1201 674 Σώκρατες,
1227 624 1372 677 ῥᾳδίως
1399 639 1466 673 μοι
1494 625 1622 670 δοκεῖς
1647 630 1779 669 κακῶς

96 699 221 752 λέγειν
263 698 517 750 ἀνθρώπους.
560 698 633 750 ἐγὼ
675 697 746 748 μὲν
788 693 861 737 οὗν
894 698 943 736 ἄν
976 712 1038 737 σοι
1071 699 1428 750 συμβουλεύσαιμι,
1457 698 1489 736 εἰ
1516 697 1664 745 ἐθέλεις
1696 697 1781 748 ἐμοὶ

94 776 324 825 πείθεσθαι,
354 775 610 825 εὐλαβεῖσθαι
643 787 678 816 e.
698 788 738 830 q.
758 773 829 815 s.‘?

153 848 270 892 Cave
315 847 411 891 tibi!
463 847 590 891 Hanc
635 847 689 890 ob
737 862 916 890 causam
970 846 1047 890 tibi
1090 846 1231 890 dicam
1276 845 1539 902 impingam!
1574 845 1782 890 Irascitur

95 923 210 967 enlm
242 922 439 979 Anytus:
464 917 514 962 ς,Ω
549 923 713 973 Μένων,
735 923 900 970 ’Ἁνυτος
933 923 1004 972 μέν
1037 939 1104 973 μοι
1136 924 1249 962 δοκεῖ
1272 923 1534 973 χαλεπαίνειν·
1566 922 1631 961 καὶ
1663 922 1782 962 οὐὸὲν

94 1001 302 1051 θαυμάζω.
333 996 507 1040 Etenim
540 996 645 1040 illud
677 1004 807 1045 κακῶς
838 997 965 1050 λέγειν
997 997 1243 1048 ἀνθρώπους
1277 994 1383 1051 (vid.
1414 994 1599 1052 Gorgias
1624 997 1711 1040 522
1728 995 1777 1039 B.

94 1075 185 1122 τοὺς
223 1073 514 1126 πρεσβυτέρους
554 1077 792 1126 κακηγορεῖν
833 1072 996 1125 λέγοντα
1037 1074 1205 1124 πικροὺς
1247 1071 1404 1125 λόγους)
1444 1070 1605 1128 optime
1638 1076 1781 1129 potest

95 1152 293 1206 spectare
335 1146 390 1190 ad
433 1146 567 1190 verba
598 1146 675 1190 illa
705 1145 1027 1190 contumeliosa
1058 1161 1170 1203 quae
1208 1160 1234 1189 a
1265 1145 1447 1191 Socrate
1479 1145 1522 1188 in
1562 1145 1779 1204 colloquio

93 1222 209 1268 dicta
253 1226 391 1266 erant.
437 1221 661 1266 Privatam
709 1236 890 1265 causam
936 1220 1067 1275 igitur
1106 1220 1357 1276 suscepisse
1400 1219 1599 1277 Anytum
1636 1236 1779 1278 neque

94 1297 238 1342 solum
270 1296 489 1355 publicam
524 1296 698 1340 dilucet.

152 1373 274 1418 Haec
312 1372 613 1430 interpretatio
661 1372 748 1415 vim
796 1371 916 1416 addit
956 1371 1024 1415 his
1071 1371 1239 1415 verbis:
1283 1373 1405 1412 οἴεται
1439 1374 1513 1425 γάρ
1546 1388 1592 1423 με
1623 1380 1781 1425 πρῶτον

92 1448 163 1500 μὲν
204 1453 440 1501 κακηγορεῖν
482 1450 646 1496 τούτους
678 1449 769 1495 τοὺς
802 1448 966 1500 ἄνδρας,
996 1448 1127 1487 ἔπειτα
1159 1446 1308 1500 ἡγεῖται
1339 1448 1421 1487 καὶ
1454 1448 1609 1495 αὐτὸς
1641 1445 1780 1488 εἶναι

92 1522 163 1572 εἷς
194 1526 402 1573 τούτων,
432 1540 492 1567 sc.
521 1539 635 1567 unus
663 1539 714 1567 ex
742 1523 794 1566 iis
822 1523 894 1581 qui
915 1523 1086 1580 peiores
1104 1523 1218 1566 filios
1236 1523 1769 1581 habueruntquibusque

91 1601 336 1644 maledioei.

151 1675 293 1731 Saepe
334 1673 558 1731 quaeritur
599 1690 730 1732 quam
763 1675 817 1718 ob
849 1690 940 1718 rem
973 1678 1091 1718 totus
1123 1674 1194 1718 ille
1225 1675 1364 1725 locus,
1397 1674 1441 1717 in
1475 1689 1560 1731 quo
1594 1674 1769 1733 Anytus

93 1751 136 1794 in
183 1765 388 1794 scaenam
436 1749 700 1807 producitur,
748 1765 774 1794 a
815 1750 998 1793 Platone
1044 1750 1219 1806 dialogo
1251 1749 1429 1793 Menoni
1471 1749 1664 1794 insertus
1697 1751 1769 1795 sit.

94 1826 217 1870 Haec
248 1841 349 1883 pars
380 1825 541 1883 dialogi
573 1826 865 1869 demonstrat:
897 1828 952 1869 in
988 1840 1038 1870 re
1064 1828 1393 1882 paedagogica
1422 1839 1518 1869 non
1542 1827 1770 1881 patribus

94 1903 448 1946 commzttendos
478 1916 578 1945 esse
604 1903 740 1958 filios.

152 1976 377 2034 Optimum
409 1976 657 2033 exemplum
695 1976 875 2033 praebet
906 1976 1095 2032 Anytus,
1129 1975 1223 2031 ipse
1256 1979 1502 2025 accusator,
1536 1975 1608 2034 qui
1641 1976 1778 2020 filium

94 2067 225 2095 suum
267 2051 454 2095 educare
497 2067 585 2094 non
630 2055 812 2108 poterat,
849 2050 1068 2107 peritioris
1099 2050 1199 2093 fidei
1232 2050 1482 2108 tutelaeque
1515 2051 1784 2095 committere

96 2126 285 2170 nolebat.
329 2125 442 2177 Quid
475 2125 609 2182 igitur
640 2125 813 2169 Platoni
846 2125 1119 2182 propositum
1155 2130 1247 2169 erat
1283 2141 1381 2168 cum
1415 2125 1640 2170 Socratem
1673 2126 1781 2170 haec

95 2203 393 2260 disputantem
427 2201 691 2245 induceret?

155 2277 229 2322 Sic
268 2282 314 2321 ut
356 2277 397 2320 in
442 2276 660 2334 Apologia
701 2277 908 2320 Meletum
952 2276 1140 2320 ludibrio
1172 2276 1326 2320 habuit
1359 2276 1540 2334 eiusque
1572 2276 1615 2319 in
1649 2277 1780 2321 rebus

97 2351 405 2411 paedagogicis
436 2351 699 2409 imperitiam
732 2351 936 2401 ostendit,
969 2351 1031 2395 ita
1062 2366 1236 2409 quoque
1264 2350 1397 2394 simili
1425 2351 1554 2394 modo
1583 2351 1778 2409 Anytum

97 2428 332 2472 ulciscitur.
378 2427 456 2471 Est
504 2432 651 2472 autem
702 2428 808 2471 baec
853 2426 1092 2470 ulciscendi
1135 2426 1245 2470 ratio
1294 2425 1486 2469 hominis
1517 2426 1674 2470 urbani
1706 2428 1779 2485 qui

98 2503 218 2547 omni
262 2503 427 2547 rustica
472 2503 708 2547 acerbitate
757 2507 925 2546 remota
966 2518 1051 2546 non
1105 2501 1199 2545 sine
1245 2501 1436 2559 quadam
1479 2502 1686 2558 superbia
1725 2505 1781 2547 de

98 2581 253 2622 monte
292 2579 625 2633 Philosophiae
665 2577 846 2634 despicit
879 2576 1076 2633 magistri
1109 2576 1427 2626 adversarium,
1461 2577 1681 2620 hominem
1720 2578 1779 2622 in-

99 2653 287 2699 doctum.
325 2653 491 2703 rudem,
525 2652 722 2703 stultum,
756 2652 830 2710 qui
863 2667 1017 2709 parum
1051 2651 1225 2695 videbat
1263 2655 1302 2695 et
1334 2651 1524 2695 fortasse
1551 2652 1668 2697 bona
1697 2653 1780 2697 fide

101 2727 358 2784 magistrum
401 2727 653 2771 accusabat.
694 2727 820 2779 Quod
852 2732 1000 2771 autem
1033 2726 1127 2769 sine
1160 2726 1225 2770 ira
1257 2731 1299 2770 et
1324 2726 1470 2770 studio
1508 2727 1617 2771 haec
1649 2728 1778 2785 scrip-

101 2802 212 2845 sisse
245 2802 413 2845 videtur
436 2802 575 2850 Plato,
605 2802 753 2859 utique
780 2817 867 2844 non
892 2802 990 2844 odio
1017 2801 1330 2851 inflammatus,
1349 2801 1431 2844 hoc
1448 2801 1567 2845 favet
1584 2802 1778 2859 opinioni

101 2893 251 2921 eorum
307 2877 381 2934 qui
429 2882 583 2934 putant
620 2877 707 2921 iam
748 2877 916 2934 aliquot
957 2892 1099 2920 annos
1142 2877 1404 2933 praeterisse
1448 2882 1543 2933 post
1586 2878 1779 2921 Socratis

100 2952 236 3002 litem,
269 2967 367 2995 cum
401 2951 526 2995 Plato
559 2951 674 2995 hunc
706 2951 927 3008 dialogum
959 2950 1179 2994 scriberet.
1213 2951 1378 2995 Deinde
1416 2951 1552 3009 ipsius
1584 2953 1780 2996 Platonis
