2019 3299
1038 189 1117 232 154

186 324 189 329 ’
234 309 376 352 dicare
409 325 548 366 neque
581 311 696 354 omni
731 327 781 354 ex
817 318 936 369 parte
969 313 1197 356 Platonem
1234 313 1415 369 Vergilii
1447 312 1635 356 similem
1668 328 1779 356 esse.
1817 313 1918 356 Ver-

233 383 364 438 gilius
406 384 635 428 Romanus
677 393 782 436 erat,
827 387 949 430 Plato
983 388 1199 437 Graecus,
1235 388 1453 444 Vergilius
1488 393 1630 445 poeta,
1663 387 1801 437 Plato,
1835 387 1918 431 etsi

233 464 459 515 poetarum
504 460 754 504 simillimus
795 462 889 510 fuit,
935 471 1080 506 tamen
1116 464 1409 520 philosophus
1440 469 1545 507 erat.
1578 463 1654 507 Ille
1691 463 1917 507 hominum

233 535 611 578 conversationem
646 544 686 580 et
722 538 854 581 vitam
889 539 1102 582 urbanam
1137 539 1401 596 defugiebat,
1436 540 1505 583 hic
1537 555 1558 582 e
1592 539 1808 584 contrario
1825 539 1918 596 ipse

233 609 364 652 homo
406 616 497 654 erat
541 612 666 655 valde
709 613 919 657 urbanus.
964 614 1063 657 Non
1108 619 1254 658 autem
1289 630 1404 658 nunc
1436 615 1544 658 haec
1575 615 1660 658 duo
1691 614 1916 658 literarum

231 686 399 729 lumina
440 687 785 744 composuimus,
829 694 874 732 ut
916 689 1149 733 dissimilia
1197 695 1507 738 scrutaremur,
1551 690 1629 733 sed
1670 694 1715 733 ut
1756 688 1919 733 similia

230 761 565 806 illustraremus.
600 763 723 806 Plato
757 780 931 821 quoque
964 765 1149 808 multum
1181 766 1453 822 multumque
1482 765 1524 808 in
1551 765 1688 809 literis
1715 769 1917 809 versatus

232 842 336 881 erat.
395 838 691 897 Philosophus
747 857 922 898 quoque
969 846 1116 885 noster
1163 850 1372 899 tanquam
1421 842 1560 885 altera
1606 841 1704 899 apis
1750 840 1920 885 Matina
1974 887 1980 892 ,

230 913 672 965 circumvolitaverat,
715 917 914 974 aliosque
957 917 1190 974 scriptores
1228 924 1268 960 et
1300 922 1452 975 poetas
1483 916 1921 974 ligurriebat..Furta

231 1004 282 1032 ea
315 988 535 1034 intexebat
571 991 943 1048 disputationibus
976 993 1037 1036 ita
1069 999 1115 1036 ut
1147 994 1299 1037 flueret
1332 994 1427 1037 eius
1458 993 1624 1050 lingua,
1659 992 1772 1036 sicut
1802 991 1917 1048 apud

232 1065 486 1121 Vergilium,
521 1067 648 1110 melle
681 1067 846 1111 dulcior
871 1068 911 1122 ¹).

290 1140 414 1192 Quod
472 1157 574 1198 ergo
622 1143 943 1192 contendimus,
992 1144 1074 1206 hoc
1120 1151 1199 1194 est,
1251 1144 1478 1188 Platonem
1528 1144 1714 1187 multum
1762 1143 1917 1187 debere

230 1218 385 1274 poetis,
428 1218 728 1274 scriptoribus,
772 1219 1062 1276 philosophis,
1105 1220 1180 1276 qui
1213 1226 1315 1264 ante
1347 1236 1446 1264 eum
1478 1225 1554 1264 aut
1586 1220 1724 1263 isdem
1756 1224 1917 1275 tempo-

229 1293 350 1336 ribus
386 1293 585 1337 vixerunt
618 1299 659 1338 et
692 1296 977 1353 scripserunt,
1011 1296 1092 1339 hoc
1119 1296 1293 1353 quidem
1324 1297 1453 1340 modo
1482 1296 1583 1339 etin
1603 1296 1718 1339 hunc
1735 1309 1915 1338 sensum

230 1374 275 1411 ut
331 1369 676 1413 innumerabiles
732 1371 990 1421 sententias,
1048 1371 1307 1427 locutiones,
1365 1376 1640 1428 argumenta,
1698 1370 1832 1414 verba
1877 1374 1918 1412 et

229 1444 509 1501 aliquatenus
552 1445 682 1489 etiam
722 1446 995 1503 dialogorum
1029 1448 1391 1504 compositionem
1429 1448 1495 1491 vel
1528 1446 1845 1491 sententiarum
1878 1449 1919 1488 et

228 1520 576 1577 disputationum
611 1522 859 1572 decursum,
892 1522 1093 1567 imitatus
1129 1524 1194 1567 vel
1228 1528 1404 1567 secutus
1437 1523 1505 1566 sit.

200 1593 202 1596 ’
288 1596 388 1638 Non
438 1597 588 1653 ignoro
636 1597 717 1640 hoc
760 1598 939 1641 verbum
983 1598 1183 1642 imitandi
1226 1599 1374 1642 odium
1420 1613 1609 1641 movere.
1642 1597 1768 1642 Plato
1800 1596 1915 1640 enim

228 1672 455 1728 permultis
499 1671 604 1715 viris
647 1673 800 1723 doctis,
859 1689 945 1716 non
1006 1675 1148 1718 solum
1198 1674 1535 1732 antiquioribus,
1588 1689 1738 1717 verum
1784 1672 1914 1716 etiam

227 1747 464 1795 hodiernis,
508 1748 639 1791 homo
687 1754 753 1792 est
800 1749 990 1800 divinus,
1039 1756 1365 1794 sacrosanctus.
1415 1749 1519 1793 Noli
1566 1764 1664 1792 eum
1711 1748 1914 1805 tangere!

227 1822 566 1880 Xenophontem
608 1824 874 1882 turpissimis
916 1825 1173 1869 criminibus
1207 1826 1384 1882 impune
1417 1825 1634 1869 infamare
1666 1824 1778 1873 licet,
1813 1823 1917 1867 Ver-

226 1898 377 1954 gilium
438 1900 516 1942 viri
564 1900 677 1944 docti
725 1905 936 1958 tanquam
985 1917 1132 1946 mures
1180 1903 1388 1945 arrodunt
1435 1917 1576 1958 neque
1625 1905 1830 1944 verentur
1876 1897 1914 1942 ei

225 1974 453 2018 detrahere
500 1976 709 2019 honorem
759 1977 976 2026 debitum3
1026 1977 1243 2021 Platonis
1269 1977 1548 2021 sanctitatem
1589 1975 1701 2020 tueri
1742 1989 1915 2019 summa

225 2066 322 2102 cum
381 2051 595 2095 industria
652 2067 878 2110 nunquam
936 2053 1159 2102 desinent;
1217 2053 1283 2109 pie
1336 2058 1574 2111 sancteque
1616 2053 1745 2096 deum
1790 2050 1912 2094 illum

227 2125 586 2183 philosophorum
628 2127 768 2171 colere
809 2131 941 2185 at'que
975 2128 1173 2172 venerari
1208 2128 1555 2186 uniuscuiusque
1588 2127 1781 2171 officium
1815 2141 1913 2170 esse

228 2201 410 2245 videtur.
445 2201 612 2252 Quodsi
645 2203 743 2260 quis
775 2220 826 2247 ea
853 2205 1169 2261 reprehendere
1195 2205 1313 2261 cupit
1342 2220 1455 2261 quae
1475 2203 1767 2260 vituperanda
1783 2201 1913 2252 ducit,

225 2282 371 2320 tamen
414 2283 605 2334 praestat
637 2284 780 2322 tacere
813 2280 988 2337 altoque
1021 2280 1195 2323 Silentio
1228 2280 1476 2337 praeterire.
1511 2278 1640 2323 Caeci
1671 2278 1787 2322 enim
1820 2277 1913 2321 eius
1971 2339 1980 2344 —

225 2359 506 2397 veneratores
539 2370 625 2397 non
660 2355 886 2411 patiuntur
913 2356 1144 2399 Platonem
1167 2356 1258 2399 ulla
1277 2355 1613 2412 vituperatione,
1632 2354 1722 2397 ulla
1738 2354 1914 2398 macula

227 2428 445 2485 inquinari
494 2434 534 2472 et
581 2434 685 2474 sine
725 2434 825 2475 ulla
866 2434 1255 2485 consideratione,
1298 2434 1403 2476 sine
1450 2434 1551 2475 nlla
1581 2431 1913 2475 deliberatione

224 2509 384 2559 negant
413 2505 592 2548 omnino
622 2505 712 2548 fieri
741 2506 941 2562 potuisse
969 2512 1016 2550 ut
1047 2506 1172 2550 Plato
1206 2522 1258 2549 ex
1290 2505 1472 2549 alterius
1501 2505 1676 2562 scriptis
1705 2504 1911 2548 hauriret.

269 2667 293 2709 ¹)
309 2668 368 2701 An
393 2667 586 2703 fortuitum
615 2672 671 2703 est
698 2670 795 2714 idem
822 2670 894 2704 dici
920 2671 965 2704 de
990 2670 1179 2714 utroque?
1201 2670 1242 2704 In
1266 2670 1340 2704 vita
1367 2669 1524 2714 Vergilii
1545 2669 1665 2703 Focae
1679 2667 1911 2712 grammatici

226 2727 317 2761 haec
343 2728 555 2763 traduntur:
581 2743 661 2764 cum
690 2732 908 2765 nasceretur
934 2753 1106 2755 νῖᾉ
1132 2731 1185 2774 „si
1212 2743 1298 2765 vera
1325 2731 1417 2765 fides
1442 2730 1523 2773 (sed
1549 2742 1635 2764 vera
1658 2729 1855 2774 probatur)

402 2789 479 2823 lata
501 2791 635 2824 cohors
658 2791 785 2837 apium
813 2791 939 2826 subito
965 2804 1030 2834 per
1054 2804 1139 2825 rura
1164 2791 1324 2826 iacentis

402 2849 506 2884 labra
530 2850 625 2885 lavis
649 2852 744 2886 texit
769 2851 898 2886 dulces
923 2851 1052 2886 fusura
1076 2852 1273 2896 loquellas.

403 2911 472 2944 hoc
497 2912 684 2955 quondam
712 2913 748 2945 in
775 2925 880 2946 sacro
906 2914 1054 2946 tantum
1080 2913 1215 2947 mirata
1240 2912 1398 2947 Platone

404 2970 582 3006 iudicium
611 2972 762 3015 linguae
788 2975 969 3007 memorat
993 2973 1139 3007 famosa
1165 2973 1372 3007 vetustas.’'
