2019 3299
913 196 994 238 123

174 336 210 362 v.
245 319 558 364 WILAMOWITZ
589 321 794 372 (Hermes
827 322 897 371 32,
935 323 1044 365 1897
1074 337 1170 378 pag.
1190 322 1262 375 99)
1279 322 1352 379 qui
1370 321 1535 365 severis
1553 321 1786 364 admodum

111 399 151 437 et
184 395 386 451 superbis
420 396 563 438 verbis
596 396 647 438 de
679 411 816 452 parvo
849 402 999 439 nostro
1025 397 1173 440 libello
1201 397 1391 453 loquitur
1413 396 1452 449 ¹),
1482 397 1596 440 hunc
1615 412 1787 453 quoque

110 469 253 512 locum
287 469 559 526 iniquissime
591 470 864 525 condemnat,
898 471 1271 515 narratiunculam
1305 473 1356 515 de
1389 471 1655 528 Apollodoro
1673 471 1787 528 apud

111 544 223 587 Xen.
272 545 447 589 obviam
491 561 543 589 ex
585 546 694 589 Plat.
727 546 889 589 Phaed.
932 548 988 590 89
1017 547 1055 589 A
1098 551 1137 589 et
1185 548 1320 590 117D
1358 547 1569 604 originem
1602 547 1787 590 traxisse

109 619 294 664 crudelis
325 626 564 670 asseverat,
598 620 731 663 immo
763 621 894 664 talem
923 621 1210 665 imitationem
1239 622 1448 666 rusticam
1479 627 1519 666 et
1550 622 1786 666 infacetam

110 694 224 738 infra
268 695 576 752 Xenophontis
623 695 879 751 dignitatem
928 711 1024 739 esse
1068 701 1209 752 putat:
1257 697 1381 751 „dem
1414 697 1662 754 Xenophon
1697 712 1785 740 nun

108 776 232 815 traue
264 771 331 815 ich
363 772 482 815 diese
513 774 702 827 plumpe
734 773 1035 828 Entlehnuny
1066 788 1121 816 an
1156 772 1247 815 sich
1282 773 1399 816 nicht
1432 773 1528 817 zu'’.
1548 774 1626 816 Vir
1642 773 1787 817 claris-

108 847 246 890 simus
276 847 503 891 nobiscum
536 847 787 904 opinionem
822 863 948 891 suam
978 848 1332 897 communicavit,
1361 837 1623 905 argumenta
1639 853 1785 891 autem

106 937 192 965 non
225 922 383 965 attulit.
417 922 674 966 Cuiusmodi
706 922 952 966 sententiae
985 922 1047 966 sic
1079 927 1242 966 temere
1274 923 1470 980 prolatae
1504 940 1526 966 e
1558 924 1786 980 gravitate,

107 997 379 1048 auctoritate,
426 998 713 1054 amplitudine
761 998 952 1042 auctoris
998 998 1166 1054 pondus
1208 999 1436 1048 habenteS,
1478 1014 1619 1056 neque
1651 999 1787 1043 firmis

106 1073 378 1116 documentis
425 1072 578 1123 fretae,
635 1072 818 1116 nimium
876 1073 1064 1117 fortasse
1122 1074 1266 1117 studio
1313 1090 1458 1118 rerum
1501 1074 1784 1118 classicarum

108 1153 361 1191 nocuerunt.
414 1148 498 1192 Ubi
546 1153 693 1191 autem
737 1153 856 1192 certa
888 1148 1051 1193 indicia
1082 1154 1256 1206 praesto
1284 1165 1371 1193 non
1405 1155 1522 1199 sunt,
1553 1149 1684 1193 aliam
1720 1150 1787 1193 vel

107 1239 285 1280 prorsus
311 1223 866 1268 contrariamsententiam
895 1224 1065 1281 aperire
1094 1240 1180 1268 non
1208 1225 1301 1268 sine
1328 1225 1517 1269 utilitate
1541 1224 1634 1268 erit.
1654 1225 1788 1282 Igitur

107 1298 214 1342 haec
246 1303 398 1343 contra
428 1299 706 1343 arbitramur.

166 1373 271 1416 Mihi
316 1374 462 1424 verba,
496 1389 518 1416 e
550 1374 662 1417 Xen.
695 1374 938 1431 Apologiae
966 1375 1158 1424 laudata,
1187 1375 1400 1431 gustanti,
1435 1376 1516 1419 etsi
1549 1376 1786 1420 subamara

106 1454 146 1492 et
191 1449 335 1493 tristia
382 1449 476 1494 visa
523 1455 640 1500 sunt,
674 1454 820 1494 tamen
855 1451 1076 1507 eleganter
1109 1451 1340 1495 enuntiata
1371 1467 1609 1509 verumque
1641 1451 1786 1495 Xeno-

105 1524 345 1581 phonteum
392 1525 578 1568 colorem
633 1526 792 1570 referre
841 1527 1117 1571 videbantur.
1167 1527 1320 1571 Talem
1377 1527 1658 1584 graecitatem
1717 1543 1785 1571 me

104 1600 308 1644 admirari
354 1600 540 1644 libenter
581 1602 803 1646 confiteor.
837 1602 962 1653 Quod
995 1602 1183 1647 fortasse
1225 1607 1291 1646 est
1323 1603 1531 1647 iudicium
1564 1603 1784 1647 indoctum

104 1690 243 1732 neque
275 1675 504 1732 integrum.
538 1676 751 1720 Summus
783 1682 933 1721 autem
967 1682 1115 1721 noster
1146 1678 1397 1734 graecitatis
1429 1705 1478 1710 —
1499 1683 1539 1721 et
1572 1678 1785 1736 imprimis

103 1750 410 1807 Xenophontis
432 1752 757 1796 —aestimator
789 1753 924 1796 Cobet
957 1754 1219 1810 Apologiam
1257 1754 1599 1809 „suavissimum
1639 1754 1785 1798 Xeno-

104 1826 281 1883 phontis
327 1827 567 1884 scriptum'’
616 1827 828 1871 nominat.
876 1828 999 1871 Bono
1046 1844 1147 1885 ergo
1184 1829 1332 1872 animo
1364 1830 1532 1873 affirmo
1566 1845 1634 1873 me
1666 1829 1784 1872 hisce

103 1901 145 1945 in
195 1903 339 1946 verbis
386 1902 493 1945 nihil
540 1903 750 1947 rusticum
799 1919 939 1961 neque
986 1904 1230 1961 perspicere
1272 1920 1403 1962 posse
1436 1921 1576 1962 neque
1609 1905 1783 1949 sentire.

159 1978 216 2021 At
254 1977 440 2021 imitatio
474 1978 571 2035 ipsa
603 1979 794 2023 infaceta
826 1980 913 2022 est!

158 2053 265 2096 Uter
296 2053 491 2096 imitatus
523 2053 578 2097 sit
611 2054 764 2097 ultimo
796 2055 938 2111 capite
972 2055 1242 2098 tractabitur.
1278 2055 1399 2099 Haec
1433 2055 1548 2099 enim
1581 2056 1783 2113 quaestio

100 2144 197 2171 cum
231 2128 329 2172 aliis
371 2129 520 2172 multis
561 2130 796 2173 coniuncta
828 2131 871 2173 in
904 2145 1084 2173 censum
1119 2131 1266 2174 venire
1299 2131 1440 2174 debet.
1475 2131 1605 2174 Nunc
1636 2135 1781 2175 autem

98 2203 378 2260 perhibemus
422 2220 682 2261 responsum
725 2205 829 2249 illud
857 2205 1053 2249 Socratis
1086 2205 1282 2249 eiusdem
1317 2205 1485 2250 farinae
1518 2221 1616 2250 esse
1653 2211 1783 2264 atque

32 2326 37 2332 ¹
99 2278 203 2322 illud
245 2278 286 2321 in
319 2279 346 2334 ξ
378 2279 433 2323 23
467 2281 693 2331 ἐπισκῶψαι
725 2282 853 2321 ἐδόκει
887 2282 1086 2333 ἐρόμενος,
1123 2284 1161 2322 εἴ
1187 2298 1266 2322 που
1299 2283 1440 2322 εἰδεῖέν
1472 2299 1505 2321 τι
1537 2284 1680 2335 χωρίον
1711 2284 1781 2331 ἔξω

95 2361 162 2406 τῆς
196 2359 377 2407 Ἀττικῆς,
407 2357 507 2395 ἔνθα
540 2357 587 2397 οὐ
621 2357 847 2409 προσβατὸν
879 2359 1043 2413 θανάτῳ
1067 2357 1117 2411 ²),
1151 2357 1266 2413 quod
1299 2372 1326 2400 a
1358 2357 1584 2401 nonnullis
1607 2363 1783 2415 propter

94 2429 368 2473 notissimam
417 2430 603 2475 ironiam
655 2447 804 2475 verum
853 2432 1051 2476 habitum
1109 2437 1189 2482 est,
1242 2432 1390 2490 utique
1447 2432 1591 2476 acerbi
1644 2433 1781 2476 nostri

93 2505 289 2549 Socratis
336 2506 559 2562 proprium
607 2512 692 2556 est;
742 2507 899 2551 deinde
940 2509 1103 2565 optime
1145 2508 1361 2565 quadrare
1396 2509 1508 2552 hanc
1536 2508 1780 2552 narratiun-

142 2669 164 2711 ¹)
192 2667 533 2703 Dissertatiuncula
569 2670 649 2703 eius
685 2670 787 2704 hisce
829 2670 951 2704 verbis
988 2670 1131 2704 finitur:
1170 2670 1249 2713 „Da
1286 2670 1345 2705 ich
1381 2671 1469 2705 aber
1505 2672 1586 2711 sah,
1619 2672 1686 2706 wie
1712 2671 1780 2706 das

99 2728 198 2772 Ding
233 2729 268 2771 (l)
304 2729 483 2773 plotzlich
520 2730 575 2764 als
612 2730 673 2764 ein
709 2730 949 2778 Hauptstiick
988 2730 1348 2775 Xenophontischer
1371 2732 1494 2767 Kunst
1519 2732 1595 2767 und
1627 2731 1781 2767 altester

93 2788 272 2823 Sokratik
298 2790 428 2824 immet
452 2790 556 2824 mehr
581 2803 624 2824 zu
655 2790 778 2825 Ehren
806 2792 902 2831 kam,
928 2791 1057 2825 schien
1084 2804 1123 2825 es
1151 2792 1218 2826 mir
1240 2793 1450 2837 angezeigt‚
1476 2793 1532 2828 {sir
1551 2793 1618 2827 das
1638 2792 1780 2827 Urtheil

95 2849 159 2884 der
180 2849 323 2883 alteren
349 2849 572 2894 Philologen
598 2852 804 2893 generatim
832 2851 1101 2886 einzutreten”.

139 2910 164 2952 2)
190 2910 326 2944 Moneo
359 2910 458 2955 apud
497 2911 692 2945 Platonem
731 2912 840 2956 Apol.
873 2912 963 2946 35A
1001 2912 1122 2947 simile
1160 2913 1248 2956 quid
1287 2913 1448 2948 inveniri
1485 2915 1587 2956 ὧσπερ
1612 2919 1779 2945 ἀθανάτων

96 2973 256 3009 ἐσομένων,
279 2973 316 3002 ἂν
341 2975 422 3009 ὑμεῖς
445 2976 555 3009 αὐτοὺς
578 2975 620 3012 μὴ
647 2976 854 3012 ἀποκτείνητε.
882 2971 982 3006 Echo
1009 2973 1223 3007 resonans?
1247 2973 1286 3007 ci.
1317 2974 1405 3017 Cap.
1431 2973 1481 3008 ῙῙῙ
1507 2975 1527 3018 ξ
1553 2974 1604 3008 17.
