2019 3299
926 193 981 235 37

116 325 215 359 θεοῦ
261 334 327 369 μοι
381 318 524 368 φωνὴ
571 319 754 367 φαίνεται
799 319 1052 368 σημαίνουσα
1100 317 1157 356 ὅτι
1203 317 1274 367 χρὴ
1322 320 1473 364 ποιεῖν;
1523 314 1589 352 καὶ
1636 314 1708 365 γὰρ
1758 314 1794 351 οἱ

122 394 379 446 φθόγγοις
433 393 587 432 οἰωνῶν
641 392 706 431 καὶ
753 393 792 431 οἱ
836 394 1032 441 φήμαις
1079 391 1309 442 ἀνθρώπων
1357 392 1550 442 χρώμενοι
1597 393 1794 438 φωναῖς

119 471 249 521 δήπου
294 468 578 518 τεκμαίρονται.
624 467 791 518 βροντὰς
840 465 882 505 δὲ
928 466 1132 517 ἀμφιλέξει
1174 481 1228 512 τις
1276 464 1300 516 ἢ
1348 465 1400 515 μὴ
1448 468 1643 513 φωνεῖν
1686 463 1794 515 ἢμὴ

118 544 299 597 μέγιστον
338 542 612 593 οἰωνιστήριον
654 538 773 587 εἶναι;
814 539 838 591 ἡ
882 540 924 580 δὲ
966 544 1109 580 Πυθοῖ
1148 540 1189 579 ἐν
1231 548 1281 594 τῷ
1313 541 1466 590 τρίποδι
1498 528 1625 589 ἱέρεια
1651 539 1697 577 οὐ
1731 538 1795 576 καὶ

121 618 220 669 αὐτὴ
252 625 368 673 φωνῇ
398 619 443 655 τὰ
474 616 582 666 παρὰ
612 623 682 655 τοῦ
715 621 815 655 θεοῦ
850 616 1086 667 διαγγέλλει;

181 691 417 736 simillima
448 690 562 746 apud
590 690 816 733 Platonem
848 689 1052 745 leguntur
1083 688 1210 745 Apol.
1243 688 1295 731 31
1317 687 1373 730 D:

176 769 261 819 ἐμοὶ
307 767 349 807 δὲ
393 765 491 808 τοῦτ’
542 767 644 807 ἐστὶν
692 769 732 806 ἐκ
777 769 919 814 παιδὸς
967 768 1202 819 ἀρξάμενον,
1241 767 1385 816 φωνή
1427 782 1484 812 τις
1515 764 1796 818 γιγνομένη,ἣ

120 843 213 882 ὅταν
239 842 398 895 γένηται
427 858 461 882 κ.
478 858 507 881 τ.
525 847 558 882 λ.
1622 845 1625 848 ”

177 917 402 960 Phaedrus
434 917 519 960 242
538 917 586 960 B.
612 915 736 957 ‘Hvt'n'
772 918 931 969 ἔμελλον
963 918 1030 957 τὸν
1062 918 1240 967 ποταμὸν
1273 918 1496 968 διαβαίνειν
1521 917 1563 956 τὸ
1589 916 1798 966 δαιμόνιον

118 1008 156 1033 τε
187 994 251 1032 καὶ
283 995 324 1033 τὸ
355 994 499 1041 εἰωθὸς
537 994 703 1044 σημεῖόν
734 1009 800 1043 μοι
831 994 1041 1045 γίγνεσθαι
1073 992 1223 1045 ἐγένετο
1256 993 1324 1031 καί
1354 1008 1440 1031 τινα
1473 991 1649 1042 φωνὴν
1681 990 1798 1038 ἔδοξα

117 1069 291 1109 αὐτόθεν
335 1069 517 1120 ἀκοῦσαι,
563 1071 586 1121 ἦ
633 1085 678 1120 με
725 1071 798 1110 οὐκ
844 1070 888 1124 ἐᾷ
929 1069 1089 1108 ἀπιέναι
1131 1069 1225 1120 πρὶν
1267 1067 1315 1107 ἂν
1348 1068 1650 1119 ἀφοσιώσωμαι,
1682 1067 1733 1114 ὡς
1765 1083 1800 1106 τι

115 1142 369 1195 ἡμαρτηκότα
412 1146 466 1192 εἰς
512 1145 553 1184 τὸ
598 1149 724 1184 θεῖον.
771 1143 974 1199 Theages
1026 1142 1161 1186 128D
1209 1144 1431 1194 δαιμόνιον·
1478 1143 1555 1182 ἔστι
1601 1143 1643 1182 δὲ
1684 1150 1798 1182 τοῦτο

118 1221 246 1270 φωνή,
275 1218 300 1270 ἣ
334 1220 428 1259 ὅταν
462 1220 622 1272 γένηται
653 1237 676 1259 κ
705 1237 732 1259 τ.
752 1224 782 1259 λ.
818 1218 972 1262 deinde
1005 1218 1185 1275 passim.

178 1293 446 1351 Symposion
478 1294 563 1338 203
582 1294 634 1337 A.
669 1294 741 1337 ubi
774 1297 814 1335 τὸ
846 1296 1054 1346 δαιμόνιον
1084 1293 1327 1351 explicatur
1353 1293 1455 1350 quid
1483 1292 1525 1335 in
1543 1291 1798 1335 universum

118 1368 189 1418 Sit,
233 1369 442 1426 legimus:
476 1371 573 1410 ἀλλὰ
605 1371 669 1410 διὰ
701 1373 841 1411 τούτου
878 1372 987 1410 πᾶσά
1019 1370 1122 1410 ἐστιν
1154 1369 1177 1421 ἡ
1212 1369 1342 1421 ὁμιλία
1374 1370 1440 1409 καὶ
1470 1368 1494 1421 ἡ
1528 1371 1799 1416 διάλεκτος

117 1449 229 1492 θεοῖς
284 1447 382 1497 πρὸς
438 1446 672 1498 ἀνθρώποις
728 1446 795 1486 καὶ
841 1447 1074 1499 ἐγρηγορόσι
1121 1445 1186 1485 καὶ
1234 1447 1496 1485 καθεύδουσι.
1544 1443 1627 1494 Qui
1675 1443 1798 1486 loeus

121 1518 299 1563 maximi
331 1521 541 1564 momenti
572 1521 698 1564 nobis
731 1521 874 1565 denuo
912 1520 1190 1564 adhibendus
1222 1520 1315 1564 erit.

179 1596 322 1640 Verba
369 1596 543 1653 quidem
592 1596 723 1640 huius
758 1596 876 1640 vocis
923 1596 1105 1640 laudare
1155 1611 1241 1639 non
1287 1610 1538 1652 possumus.
1571 1594 1799 1638 Eiusmodi

114 1670 361 1727 exemplum
390 1662 622 1729 ¹nusquam
665 1676 793 1715 extat.
838 1671 977 1714 Immo
1023 1687 1124 1715 vero
1150 1671 1406 1728 ignoramus
1440 1675 1584 1714 utrum
1620 1669 1798 1713 omnino

115 1745 249 1789 verba
280 1746 472 1790 locutum
504 1747 559 1790 sit
591 1747 872 1791 daemonium
906 1762 1055 1790 necne.
1086 1747 1133 1790 In
1170 1746 1403 1790 Phaedone
1437 1746 1544 1790 60E
1577 1746 1797 1790 somnium

116 1821 242 1865 nobis
286 1827 490 1866 narratur
527 1838 612 1879 quo
647 1822 816 1866 Socrati
850 1826 1090 1864 καθεύδοντι
1125 1821 1196 1876 (ef.
1231 1822 1382 1879 Symp.
1416 1822 1501 1866 203
1535 1821 1593 1876 A)
1629 1822 1797 1864 iussum

116 1896 293 1953 aliquod
336 1897 463 1941 datur
503 1914 562 1941 se.
606 1899 804 1950 μουσικὴν
850 1900 953 1939 ποίει
996 1899 1060 1938 καὶ
1108 1898 1284 1951 ἐργάζου.
1316 1897 1436 1940 Num
1469 1896 1670 1939 similiter
1700 1897 1798 1940 dae-

117 1971 311 2015 monium
343 1972 538 2016 locutum
572 1973 627 2016 sit
660 1974 701 2016 in
736 1973 1024 2030 sequentibus
1056 1972 1347 2029 paragraphis
1380 1971 1625 2015 videbimus
1648 1970 1689 2025 ¹).

472 2182 497 2230 ς
527 2183 562 2219 5.
619 2160 851 2220 ΜΑΝτικόΝ
893 2186 931 2218 τι
963 2182 1084 2220 ESSE
1114 2181 1441 2218 DAEMONIUM.

173 2298 419 2356 Xenophon
464 2300 733 2344 demonstrat
774 2301 1055 2345 daemonium
1089 2299 1211 2343 nulla
1242 2314 1287 2342 re
1321 2314 1346 2342 a
1378 2299 1600 2342 communi
1632 2310 1800 2357 μαντικῇ

117 2374 303 2418 differre.
345 2375 441 2418 Hoc
482 2375 651 2432 premit,
691 2376 733 2419 in
775 2377 857 2420 hae
899 2375 1226 2433 comparatione
1260 2374 1354 2418 eius
1386 2375 1583 2418 defensio
1617 2381 1657 2420 et
1690 2376 1800 2420 refu-

116 2449 222 2493 tatio
264 2455 357 2494 tota
396 2450 542 2508 posita
579 2456 658 2494 est.
699 2452 827 2508 Apud
871 2452 1099 2495 Platonem
1134 2456 1296 2502 autem,
1321 2466 1590 2509 quamquam
1626 2467 1798 2494 summo

115 2524 206 2568 iure
240 2541 266 2568 a
296 2541 369 2569 reo
401 2526 564 2570 iudices
598 2527 821 2583 postulare
855 2532 1093 2585 potuerunt
1126 2532 1172 2571 ut
1205 2528 1439 2584 explicaret
1466 2527 1673 2584 quidnam
1693 2527 1797 2571 illud

115 2599 396 2643 daemonium
444 2607 574 2651 esset,
624 2601 835 2659 numquid
883 2603 999 2659 quod
1047 2602 1175 2659 longe
1221 2603 1474 2646 abhorreret
1516 2602 1570 2646 ab
1613 2602 1796 2645 aliorum

115 2674 166 2717 de
212 2675 342 2718 rebus
384 2676 544 2719 divinis
578 2677 782 2734 opinione
811 2693 959 2727 necne,
994 2678 1100 2720 illud
1133 2679 1241 2729 ἕτερα
1273 2681 1461 2729 δαιμόνια
1494 2677 1696 2734 neglexit,
1730 2678 1798 2721 vel

117 2749 261 2805 potius
309 2755 496 2794 tractare
554 2752 704 2802 noluit,
764 2758 806 2796 et
865 2758 962 2810 post
1021 2752 1166 2796 fictam
1215 2753 1545 2797 altercationem
1594 2753 1798 2796 Socrates

116 2825 238 2873 ἄθεος
276 2841 373 2869 esse
416 2825 713 2870 insimulatur.
757 2827 806 2871 In
840 2828 1027 2872 transitu
1061 2828 1203 2871 solum
1240 2854 1289 2859 —
1326 2827 1387 2871 nil
1419 2828 1609 2884 amplius
1630 2854 1679 2859 —
1701 2828 1797 2871 dae-

165 2965 187 3006 ι)
213 2963 298 2999 Vid.
323 2964 344 3009 ς
367 2965 399 2999 6.
