2019 3299
927 175 983 218 35

114 298 154 341 in
187 313 321 341 unum
370 297 532 342 crimen
568 298 786 347 atheismi,
826 303 871 341 ut
903 298 1025 342 aiunt
1062 326 1127 345 —‚
1161 303 1201 341 et.
1234 299 1475 344 difficiliora
1507 306 1544 344 et
1591 302 1795 357 graviora

111 374 278 418 reddita
302 374 342 426 ¹).

171 449 266 492 Dixi
292 449 514 493 Socratem
542 450 596 493 ab
619 450 950 493 accusatoribus
969 465 1055 492 non
1074 455 1272 493 coactum
1291 466 1388 495 esse
1406 452 1567 495 crimen
1585 453 1793 496 atheismi

110 523 354 569 defendere.
394 525 567 569 Etenim
600 526 643 569 in
676 527 822 570 libello
854 529 1163 569 accusatorum
1197 526 1401 570 Socrates
1433 528 1638 571 atheismi
1672 544 1796 573 accu-

112 604 236 643 satus
292 616 378 644 non
441 606 522 644 est.
585 601 642 644 At
705 601 894 644 fortasse
956 600 998 643 in
1054 603 1267 645 oratione
1327 617 1457 659 quam
1514 608 1793 648 accusatores

110 675 371 720 habuerunt.
414 676 560 720 Huius
603 680 749 720 autem
794 675 1007 719 orationis
1049 677 1163 732 apud
1207 677 1436 720 Platonem
1470 694 1523 722 ne
1556 679 1791 735 vestigium

110 749 283 807 quidem
315 751 577 795 invenimus.
612 752 794 795 Nullum
822 751 916 795 eius
945 751 1158 795 orationis
1180 752 1340 795 dictum
1369 753 1585 797 laudatur.
1603 754 1786 811 Semper

109 825 293 870 crimina
323 828 364 867 ἐν
395 836 440 883 τῇ
472 836 606 884 γραφῇ
639 827 845 871 Socrates
872 827 1129 871 Platonicus
1157 828 1408 884 aggreditur
1435 829 1488 872 cf.
1517 830 1573 873 26
1592 830 1641 879 Β,
1660 831 1715 874 27
1734 830 1786 881 A,

110 902 164 945 27
184 902 229 951 C,
270 903 327 946 28
345 902 397 953 A,
438 903 492 946 31
515 903 563 946 D.
606 901 703 953 Qua
749 918 800 946 ex
842 918 886 946 re
928 906 1181 947 statuamus
1229 919 1407 947 necesse
1456 909 1521 948 est
1564 905 1671 948 26C
1704 921 1791 949 non

109 976 262 1034 respici
304 978 438 1022 verba
478 978 626 1022 Meleti
667 977 783 1022 dicta
824 978 866 1020 in
910 978 1110 1022 oratione
1153 979 1228 1022 sed
1272 979 1457 1024 crimina
1496 980 1631 1024 libelli
1680 997 1791 1038 quae

37 1079 41 1084 -
110 1051 262 1096 eadem
294 1053 455 1110 pagina
486 1058 885 1097 commemorantur
916 1057 956 1097 et
990 1053 1348 1110 praemittuntur.

168 1127 387 1172 Totumne
430 1143 532 1185 ergo
574 1128 737 1172 crimen
780 1128 886 1171 illud
927 1128 1134 1172 atheismi
1175 1144 1202 1172 a
1242 1129 1425 1174 Platone
1468 1130 1615 1173 fictum
1649 1138 1688 1174 et
1724 1147 1794 1174 ex·
1831 1124 1836 1127 ¹

109 1203 379 1260 cogitatum?
412 1204 661 1249 Nescimus.
696 1204 796 1247 Non
830 1208 976 1247 autem
1011 1204 1151 1247 credo.
1185 1204 1310 1255 Quod
1342 1221 1428 1249 non
1463 1206 1685 1250 nescimus
1713 1207 1794 1251 hoc

110 1283 188 1328 est,
231 1294 258 1323 a
296 1279 591 1337 Xenophonte
630 1294 817 1337 quoque,
851 1278 894 1322 in
927 1278 1127 1329 transitu,
1161 1279 1388 1324 Socratem
1422 1281 1476 1325 ab
1509 1282 1791 1326 accusatione

119 1353 186 1397 vel
226 1354 392 1399 invidia
433 1354 636 1398 atheismi
678 1354 851 1398 defendi
894 1353 1025 1397 Mem.
1069 1353 1100 1397 Ι.
1138 1355 1174 1398 1.
1207 1357 1247 1398 5.
1283 1355 1405 1406 Quae
1440 1357 1573 1401 verba
1606 1357 1793 1401 fortasse

116 1429 365 1485 opinionem
411 1430 529 1487 vulgi
571 1430 843 1487 impugnant,
880 1428 934 1472 cf.
966 1429 1075 1473 Plat.
1110 1429 1193 1486 Ap.
1235 1431 1346 1474 18C.
1382 1434 1423 1471 οἵ
1449 1433 1521 1485 γὰρ
1554 1433 1794 1482 ἀκούσαντες

114 1505 306 1559 ἡγοῦνται
346 1508 436 1555 τοὺς
478 1514 599 1547 ταῦτα
641 1510 855 1558 ζητοῦντας
888 1505 982 1546 οὐδὲ
1013 1508 1135 1554 θεοὺς
1167 1509 1354 1558 νομίζειν.
1386 1507 1592 1552 Fortasse
1623 1525 1796 1566 quoque

116 1581 367 1638 Polycrates
408 1582 490 1625 hoc
527 1581 689 1625 crimen
733 1580 985 1638 protulerat.
1030 1581 1261 1626 Praeterea
1303 1582 1409 1626 illud
1454 1587 1544 1632 τοὺς
1584 1588 1707 1633 θεούς
1747 1587 1794 1626 οὐ

114 1661 285 1709 νομίζειν
317 1657 445 1702 facile
477 1662 673 1701 mutatur
705 1657 747 1701 in
781 1659 904 1706 θεοὺς
937 1659 984 1698 οὐ
1019 1661 1206 1710 νομίζειν.

227 1879 252 1927 §
282 1881 317 1916 3.
374 1880 476 1916 PRO
509 1881 677 1918 CERTO
708 1881 894 1919 SCIMUS
919 1882 1118 1918 CRIMEN
1147 1882 1445 1918 IMPIETATIS
1477 1882 1677 1918 DIMIDIA

524 1950 691 1986 PARTE
719 1950 990 1988 CONSTARE
1022 1951 1074 1986 IN
1104 1951 1388 1987 DAEMONIO.

171 2098 240 2142 Ne
270 2098 380 2142 forte
428 2099 526 2157 quis
559 2099 739 2143 miretur
786 2115 853 2143 me
901 2100 969 2143 hic
1007 2101 1149 2144 denuo
1192 2100 1335 2144 fusius
1379 2106 1420 2144 et
1463 2101 1572 2144 satis
1611 2103 1794 2146 verbose

113 2190 328 2232 exponere
368 2191 480 2232 quae
521 2175 662 2218 cuivis
705 2175 765 2219 rei
811 2176 946 2232 perito
980 2181 1084 2220 nota
1116 2192 1212 2220 esse
1246 2177 1451 2227 debeant,
1484 2193 1641 2220 moneo
1675 2178 1794 2222 hisce

113 2251 241 2295 annis
282 2251 423 2295 virum
466 2252 638 2295 doctum
683 2252 902 2308 anglicum
936 2253 1179 2296 surrexisse
1211 2253 1285 2311 qui
1318 2254 1538 2297 contendit
1569 2269 1664 2298 non
1695 2270 1795 2299 esse

113 2329 168 2371 in
207 2330 454 2372 daemonio
500 2331 708 2382 positum
749 2331 927 2373 crimen
957 2331 1225 2385 impietatis
1251 2329 1320 2384 (A.
1355 2329 1404 2372 E.
1441 2329 1625 2373 TAYLOR
1659 2330 1794 2374 Varia

114 2402 337 2446 Socratica
377 2418 474 2460 pag.
522 2403 587 2446 14.
635 2402 747 2458 „We
789 2419 863 2447 are
906 2404 1050 2447 bound
1093 2409 1136 2447 to
1158 2404 1281 2447 'infer
1313 2404 1426 2447 from
1459 2405 1533 2448 the
1566 2405 1795 2462 foregoing

113 2477 457 2522 considerations
491 2478 585 2522 that
616 2479 689 2522 the
724 2478 879 2535 „sign”
912 2480 998 2523 had
1032 2495 1166 2523 never
1198 2480 1305 2523 been
1345 2480 1599 2523 mentioned
1631 2481 1687 2538 by
1721 2481 1793 2524 the

113 2558 390 2610 prosecutors
431 2558 475 2597 at
517 2553 588 2603 all,
633 2553 719 2597 and
756 2554 850 2597 that
882 2555 913 2598 it
946 2560 1107 2599 cannot
1138 2555 1260 2598 there
1292 2554 1384 2599 fore
1417 2556 1530 2599 have
1562 2556 1669 2599 been
1704 2571 1791 2613 any

116 2634 210 2686 part
241 2628 290 2672 of
317 2629 389 2672 the
422 2629 615 2685 grounds
648 2628 715 2671 for
743 2629 816 2673 the
847 2633 982 2683 γραφή
1014 2630 1187 2686 against
1221 2630 1489 2684 Socrates'').

172 2704 290 2748 Satis
338 2704 478 2748 habeo
524 2704 609 2747 duo
655 2710 913 2760 argumenta
961 2706 1152 2762 proferre
1208 2705 1367 2763 quibus
1420 2706 1527 2750 haec
1573 2707 1793 2750 sententia

115 2779 341 2824 refutatur.

161 2953 183 2995 ¹)
210 2953 253 2986 cf.
280 2953 436 2988 Schanz.
463 2954 499 2988 in
526 2953 624 2987 Edit.
647 2954 753 2997 Apol.
779 2953 874 2988 Einl.
899 2953 952 2987 72.
