2019 3299
1003 189 1083 231 150

168 333 171 338 ’
196 313 250 355 ob
283 327 463 356 causam
497 311 627 354 scribi
660 311 801 367 potuit
832 327 963 368 quam
991 312 1105 367 quod
1132 313 1315 369 scriptor
1345 314 1570 364 nonnulla,
1599 330 1711 371 quae
1738 315 1881 359 adhuc

196 388 526 444 ignorabantur,
574 386 821 443 patefacere
868 391 998 444 atque
1045 387 1088 429 in
1132 387 1274 431 lucem
1308 389 1501 446 proferre
1537 385 1722 434 volebat.
1755 389 1880 441 Quod

197 478 300 506 vera
329 462 543 511 tradebat,
579 462 659 505 hoc
692 461 787 505 eius
821 462 1023 505 meritum
1052 478 1149 506 esse
1182 464 1354 519 poterit.
1384 464 1509 515 Quod
1539 480 1641 509 vera
1668 466 1880 520 tradebat,

197 538 342 580 brevis
375 542 415 579 et
448 538 675 580 inornatus
708 542 749 579 et
782 537 1030 594 incomptus
1060 538 1236 582 libellus
1268 556 1366 583 esse
1398 540 1551 597 potuit.

258 613 429 656 Invenit
488 612 618 669 igitur
674 613 716 655 in
765 628 817 656 ea
863 613 988 656 Plato
1041 615 1256 658 nonnulla
1303 631 1415 672 quae
1463 616 1501 659 ei
1549 616 1700 672 ignota
1745 621 1881 666 erant,

198 706 257 732 sc.
293 692 574 745 colloquium
608 689 921 744 Hermoyenis
962 694 1002 732 et
1035 705 1087 733 ea
1120 692 1308 735 tortasse
1340 707 1452 748 quae
1484 692 1688 736 Socrates
1720 694 1884 737 abiens

197 768 401 810 dixerat.

259 842 334 884 Ea
367 842 620 896 artificiose
652 854 770 885 suae
800 841 1055 896 Apoloyicw
1085 844 1305 886 inseruit.

262 915 363 958 Non
414 915 529 958 enim
579 931 710 972 quam
759 916 1090 959 accuratissime
1132 917 1285 973 potuit,
1323 917 1516 961 maxima
1546 918 1629 962 fide
1661 918 1884 968 historica,

199 991 359 1035 referre
414 991 561 1034 voluit.
598 1007 710 1048 quae
759 1007 785 1035 a
826 991 1007 1035 Socrate
1046 1008 1090 1035 re
1124 1008 1229 1036 vera
1261 993 1375 1037 dicta
1405 999 1528 1037 erant
1563 1021 1612 1025 ——
1649 1010 1735 1038 non
1768 994 1882 1038 enim

201 1067 239 1109 id
296 1067 410 1124 quod
459 1070 641 1111 notarii
675 1070 894 1111 hodierni
938 1067 1073 1121 (vern.
1122 1068 1418 1125 stenografen)
1464 1069 1506 1112 in
1553 1074 1711 1113 senatu
1757 1085 1885 1126 agere

201 1142 401 1186 videmus
452 1143 489 1186 ei
538 1142 808 1200 propositum
860 1148 953 1187 erat
1002 1171 1068 1194 —‚
1111 1145 1186 1188 sed
1234 1145 1461 1201 pulchram
1513 1150 1554 1189 et
1599 1146 1884 1202 glorificatam

199 1218 436 1273 imaginem
494 1219 756 1276 aequalibus
811 1220 1040 1263 ostendere
1104 1220 1318 1277 magistri,
1365 1221 1490 1265 cuius
1535 1221 1689 1266 laudes
1734 1222 1887 1266 cecinit

200 1299 409 1351 tanquam
444 1294 635 1338 hominis
667 1294 816 1344 divini,
849 1300 1129 1339 accusatores
1161 1301 1313 1340 contra
1337 1312 1543 1340 accusare
1568 1297 1761 1341 levitatis
1787 1313 1886 1354 pue-

200 1370 294 1413 rilis
326 1375 458 1427 atque
500 1370 696 1414 nefariae
729 1371 955 1414 stultitiae.

262 1444 376 1488 Huic
424 1446 647 1503 proposito
695 1445 732 1489 ei
781 1446 1017 1490 utilissima
1063 1451 1186 1490 erant
1232 1463 1345 1505 quae
1391 1447 1506 1504 apud
1547 1447 1886 1505 Xenophontem

201 1520 384 1563 invenit.

261 1595 386 1647 Quod
436 1596 731 1653 pulcherrima
775 1597 920 1647 tradit,
978 1597 1060 1640 hoc
1116 1597 1210 1641 eius
1262 1599 1463 1642 meritum
1516 1604 1596 1649 est,
1644 1614 1730 1642 non
1771 1600 1886 1657 quod

205 1688 308 1717 vera
339 1678 455 1716 sunt.

262 1824 356 1868 Etsi
411 1840 437 1868 a
484 1840 567 1873 me,
612 1825 694 1869 hac
727 1826 769 1868 in
803 1826 1117 1876 controversia,
1151 1842 1268 1870 nova
1300 1842 1387 1870 non
1421 1827 1710 1884 proferentur,
1741 1831 1887 1871 tamen

204 1916 344 1957 pauca
377 1899 483 1942 mihi
516 1900 702 1944 dicenda
734 1907 837 1944 sunt
869 1902 920 1945 de
953 1904 1155 1958 tempore
1185 1918 1270 1960 quo
1303 1903 1432 1958 Apol.
1461 1902 1573 1946 Xen.
1607 1902 1769 1960 scripta
1800 1907 1888 1952 est3

201 1992 332 2034 quam
381 1976 641 2020 brevissime
689 1982 840 2034 potero
888 1993 1119 2034 exponere,
1169 1994 1355 2036 quorum
1390 1979 1580 2022 virorum
1625 1978 1886 2022 sententiam

204 2068 272 2096 me
305 2053 428 2110 sequi
463 2053 607 2103 velim,
641 2053 749 2097 satis
792 2054 980 2098 habebo,
1024 2054 1188 2097 Indicia
1223 2054 1355 2105 enim,
1388 2055 1549 2111 quibus
1582 2054 1687 2098 illud
1718 2059 1891 2112 tempus

204 2144 280 2184 pro
313 2134 429 2172 certo
462 2128 662 2177 definias,
696 2130 868 2173 desunt.
902 2130 1057 2188 Neque
1090 2130 1324 2173 terminum
1367 2135 1467 2187 post
1496 2146 1639 2187 quem,
1675 2135 1720 2174 ut
1751 2130 1888 2180 aiunt,

203 2220 346 2261 neque
388 2205 622 2249 terminum
657 2210 757 2249 ante
791 2222 919 2263 quem
953 2206 1169 2249 invenias.
1205 2205 1327 2256 Quae
1359 2206 1473 2249 enim
1508 2206 1536 2262 ξ
1568 2207 1621 2249 31
1656 2206 1739 2262 Ap.
1774 2206 1887 2249 Xen.

202 2279 419 2335 leguntur,
467 2296 519 2324 ea
560 2296 645 2323 non
691 2282 787 2324 sine
820 2297 958 2325 causa
989 2297 1015 2325 a
1047 2281 1102 2324 M.
1139 2281 1306 2324 Wetzel
1340 2282 1366 2324 l.
1400 2282 1426 2325 l.
1459 2282 1547 2326 400
1578 2282 1890 2325 addubitantur

203 2360 244 2397 et
289 2356 650 2399 condemnantur.
699 2356 800 2400 Non
849 2359 963 2400 recte
1011 2356 1068 2399 ibi
1117 2362 1399 2414 opponuntur
1435 2358 1600 2405 ’Ἄνυτος
1646 2359 1718 2410 μέν

203 2433 419 2482 Σωκράτης
467 2432 520 2472 δέ.
568 2431 723 2489 Neque
771 2432 1024 2475 incredibile
1071 2438 1133 2475 est
1183 2447 1234 2475 ea
1281 2437 1355 2476 aut
1401 2432 1699 2489 interpolatori
1741 2432 1888 2476 deberi

204 2511 279 2549 aut
317 2533 360 2537 —
400 2507 484 2549 huc
518 2508 657 2562 magis
691 2508 887 2551 animum
922 2508 1082 2551 inclino
1118 2535 1167 2538 —
1203 2508 1257 2551 ab
1291 2508 1385 2565 ipso
1413 2507 1709 2565 Xenophonte
1737 2513 1889 2565 postea

204 2581 379 2624 demum
413 2581 580 2626 inserta
612 2598 724 2631 esse,
755 2599 851 2626 cum
883 2583 1016 2627 verba
1043 2583 1150 2626 fides
1176 2588 1327 2626 secuta
1353 2589 1394 2626 et
1421 2583 1615 2627 Socratis
1634 2584 1887 2627 vaticinium

204 2672 249 2699 re
281 2658 614 2714 comprobatum
649 2664 776 2709 esset,
811 2658 910 2702 inde
943 2664 1089 2702 autem
1118 2674 1203 2701 non
1233 2658 1394 2715 optime
1412 2659 1639 2702 decurrere
1658 2660 1886 2703 verborum

205 2732 482 2782 sententiam,
531 2734 605 2776 sed
654 2750 705 2777 ex
753 2734 828 2777 illa
875 2735 1117 2778 mutatione
1161 2734 1314 2777 vitium
1356 2734 1558 2778 traxisse.
1593 2734 1757 2785 Quodsi
1789 2734 1886 2792 quis

205 2807 318 2850 hanc
359 2808 611 2864 opinionem
646 2810 828 2866 probare
862 2825 948 2852 non
982 2814 1140 2867 potest,
1174 2815 1319 2854 tamen
1354 2826 1375 2853 e
1408 2809 1566 2867 Lysiae
1599 2826 1660 2853 or.
1692 2810 1778 2860 22„
1812 2809 1885 2853 ubi

205 2883 380 2939 Anytus
428 2883 605 2940 quidam
653 2886 809 2929 dicitur
857 2890 1074 2937 σιτοφύλαξ
1122 2885 1260 2929 fuisse
1292 2901 1410 2929 anno
1442 2883 1563 2935 388⁰,
1596 2885 1749 2929 auxilii
1780 2884 1887 2928 nihil

207 2957 293 3014 peti
336 2963 491 3014 potest.
537 2959 599 3001 Ex
643 2960 763 3004 nulla
795 2960 909 3003 enim
945 2976 989 3003 re
1022 2965 1203 3018 apparet
1236 2976 1335 3003 eum
1369 2960 1507 3004 fuisse
1539 2960 1734 3004 Socratis
1766 2975 1886 3003 accu-
