2019 3299
974 176 977 180 ’
1015 164 1097 205 160

158 331 161 335 ,
213 293 251 331 et
284 288 457 331 luxuria
487 287 677 344 quadam
711 288 992 343 cogitationis
1024 287 1232 330 abundat.
1267 287 1336 329 De
1369 301 1513 329 more
1541 290 1898 330 exornatum'est

212 364 267 406 ab
310 379 360 406 eo
403 363 442 406 id
486 363 601 419 quod
639 363 755 420 apud
787 363 921 406 alium
957 363 1121 405 invenit
1157 362 1220 405 sic
1253 362 1365 405 nude
1399 366 1438 404 et
1472 361 1733 418 simpliciter
1764 377 1898 405 enun-

212 438 380 481 tiatum.
430 438 582 481 Talem
627 438 879 482 facultatem
922 443 959 481 el
1008 438 1201 481 studium
1238 437 1417 481 uberius
1450 436 1690 480 exornandi
1722 436 1899 493 saepius

215 514 256 556 in
299 514 380 556 hoc
417 514 589 569 dialogo
626 541 675 545 —
711 519 751 557 et
784 515 824 557 in
860 514 958 558 aliis
994 541 1044 546 -
1079 512 1275 557 exhibuit
1304 513 1393 562 (vid
1428 512 1571 566 infra).
1604 512 1700 563 Quo
1733 512 1897 556 factum

214 594 279 632 est
312 594 355 632 ut
388 589 574 646 paginae
607 590 690 633 281
726 606 865 647 usque
893 590 946 633 ad
980 590 1065 632 286
1100 588 1208 631 nibil
1241 588 1358 632 aliud
1389 594 1491 631 sunt
1519 593 1649 645 atque
1672 587 1897 631 exordium

214 664 256 707 in
304 681 389 722 quo
441 664 625 721 Hippias
672 666 835 709 ridetur
870 693 919 696 —
966 681 1062 708 cum
1108 663 1296 707 aniculis
1338 668 1617 720 comparatur
1653 663 1791 707 286Α
1831 690 1897 713 -,

213 740 367 783 deinde
413 740 549 783 286C
590 741 765 783 demum
805 740 954 797 incipit
995 739 1235 796 disputatio
1270 739 1356 791 περὶ
1388 744 1525 782 καλοῦ.
1557 738 1680 789 Quae
1713 743 1754 782 et
1785 738 1898 794 apud

159 827 163 831 ⁴
212 815 553 871 Xenophontem
587 820 629 860 et
660 817 775 873 apud
811 816 1038 860 Platonem
1074 815 1216 858 simile
1250 813 1422 857 initium
1457 814 1611 857 habet:

215 923 344 966 Mem.
380 922 456 966 ΠΙ.
490 924 530 966 8.
565 923 606 967 4.
1121 921 1252 978 Hipp.
1292 937 1348 963 m.
1383 920 1544 964 286C:

269 1002 387 1038 πάλιν
429 1001 471 1038 δὲ
511 1007 581 1039 τοῦ
616 1001 864 1050 Ἀριστίππου
898 1000 990 1051 ἐρω-
1045 1038 1055 1049 ,=
1177 999 1340 1050 ἔναγχος
1382 999 1455 1049 γάρ
1497 1014 1567 1048 τις,
1607 994 1637 1037 ὦ
1669 997 1813 1049 ἄριστε,
1845 999 1898 1046 εἰς

212 1082 355 1122 τῶντος
393 1075 528 1125 αὐτόν,
571 1077 609 1115 εἴ
633 1094 667 1115 τι
700 1077 822 1127 εἰδείη
856 1078 988 1116 καλόν.
1119 1073 1290 1125 ἀπορίαν
1337 1089 1382 1124 με
1428 1073 1641 1125 κατέβαλεν
1688 1073 1729 1113 ἐν
1769 1075 1900 1126 λόγοις

215 1156 344 1190 mvl.
1053 1128 1054 1139 i
1117 1149 1192 1188 τισὶ
1240 1148 1286 1187 τὰ
1333 1147 1404 1199 μὲν
1445 1148 1620 1201 ψέγοντα
1662 1147 1713 1197 ὡς
1746 1151 1900 1203 αἰσχρά,

1052 1230 1053 1243 ³
1117 1224 1162 1263 τὰ
1205 1222 1240 1263 δ’
1288 1224 1535 1263 ἐπαινοῦντα
1566 1224 1617 1272 ὡς
1650 1227 1765 1277 καλά,
1795 1227 1898 1266 οὕτω

1115 1316 1198 1347 πως
1226 1299 1411 1351 ἐρόμενος
1438 1299 1504 1338 καὶ
1531 1301 1635 1350 μάλα
1653 1300 1899 1352 ὑβριστικῶς.

1114 1378 1245 1416 πόθεν
1274 1375 1316 1415 δέ
1342 1392 1408 1426 μοι
1437 1378 1500 1427 σύ,
1522 1375 1613 1427 ἔφη,
1629 1372 1658 1416 ὦ
1678 1377 1901 1428 Σώκρατες,

1115 1448 1238 1491 οἶσθα
1265 1451 1386 1491 ὁποῖα
1413 1451 1513 1491 καλὰ
1540 1450 1606 1490 καὶ
1632 1452 1790 1503 αἰσχρά;
1816 1451 1900 1492 ἐπεὶ

1115 1527 1223 1579 φέρε,
1267 1527 1368 1578 ἔχοις
1410 1526 1459 1566 ἂν
1502 1528 1626 1567 εἰπεῖν
1667 1528 1704 1566 τί
1742 1528 1822 1567 ἔστι
1853 1527 1894 1568 τὸ

1051 1599 1053 1654 l
1114 1604 1265 1650 καλόν;

274 1710 399 1754 Unde
443 1711 605 1754 factum
649 1715 715 1754 est
757 1715 800 1753 ut
845 1710 1020 1766 ignotus
1054 1710 1124 1753 ille
1158 1710 1289 1753 homo
1323 1725 1349 1753 a
1381 1710 1562 1753 Platone
1596 1710 1638 1753 in
1674 1710 1896 1766 dialogum

214 1786 527 1829 induceretur?
560 1786 668 1836 Quis
701 1785 819 1829 fuit‘?

210 1917 212 1920 y
273 1861 404 1905 Varie
438 1862 518 1904 viri
551 1862 664 1905 docti
700 1862 781 1904 boc
813 1861 1087 1918 interpretati
1119 1866 1236 1904 sunt.

273 1938 539 1981 STALLBAUM
561 1938 586 1990 ¹)
627 1937 926 1981 arbitrabatur
958 1937 1182 1980 inductum
1218 1953 1314 1980 esse
1344 1935 1581 1986 hominem,
1610 1952 1696 1994 quo
1718 1936 1899 1993 gravius

213 2019 343 2070 atque
375 2012 576 2056 acerbius
609 2012 671 2056 sic
704 2013 910 2056 Socrates
944 2012 1152 2069 Hippiam
1188 2012 1402 2056 insultare
1435 2016 1475 2056 et
1493 2011 1718 2069 increpare
1737 2017 1899 2068 posset,

215 2089 267 2132 Cf.
316 2088 400 2132 292
420 2088 466 2137 C,
510 2090 583 2139 ἐγώ
631 2102 693 2128 σοι
733 2089 808 2140 ἐρῶ

213 2167 308 2218 λέγω
354 2166 523 2217 ῥήματα,
566 2161 629 2204 οἶα
681 2165 829 2212 ἐκεῖνος
878 2166 931 2212 εἰς
975 2164 1039 2215 ἐμὲ
1081 2165 1170 2216 ἐρεῖ,
1205 2166 1354 2216 χαλεπά
1385 2180 1422 2204 τε
1453 2164 1519 2203 καὶ
1551 2164 1754 2204 ἀλλόκοτα.
1787 2163 1896 2206 Cum

213 2244 359 2284 autem
394 2239 525 2296 paulo
564 2244 661 2295 post
691 2240 793 2286 (298
812 2239 862 2291 Β)
905 2239 997 2296 ipse
1041 2239 1246 2282 Socrates
1280 2239 1512 2282 confitetur
1544 2239 1740 2295 ignotum
1773 2238 1896 2282 illum

214 2315 435 2358 hominem
479 2330 575 2358 esse
609 2315 848 2366 Socratem,
884 2314 1021 2357 filium
1058 2314 1359 2370 Sophronisci‚
1394 2314 1537 2357 omnis
1568 2329 1703 2358 causa
1736 2313 1898 2357 latendi

214 2391 296 2433 sub
329 2391 410 2433 hac
443 2390 577 2446 ignoti
612 2390 803 2433 hominis
836 2405 1028 2446 persona
1059 2389 1298 2433 evanescit.

275 2466 492 2509 DUMMLER
510 2466 539 2515 2)
573 2465 778 2520 opinatur
801 2466 884 2508 sub
913 2465 1101 2522 Hippiae
1130 2480 1318 2520 persona
1344 2465 1478 2508 latere
1497 2465 1751 2509 Isocratem.
1772 2464 1897 2507 Hanc

212 2541 522 2590 coniecturam,
577 2557 690 2598 quae
743 2541 981 2584 levissimis
1039 2540 1313 2596 argumentis
1368 2540 1531 2588 nititur,
1582 2540 1849 2583 HORNEFFER
1867 2537 1898 2592 3)

1028 2091 1274 2140 μιμούμενος
1311 2089 1477 2138 ἐκεῖνον,
1519 2090 1586 2128 ἴνα
1621 2090 1674 2139 μὴ
1715 2093 1815 2140 πρὸς
1857 2088 1898 2128 σὲ

212 2616 422 2660 acerrime
464 2632 700 2673 aggressus
730 2621 796 2659 est
827 2616 1159 2673 rectissimeque
1192 2615 1415 2659 refutavit.
1450 2614 1743 2658 Difficilimum
1778 2614 1894 2657 enim

213 2697 277 2735 est
303 2692 559 2748 intellegere,
577 2708 652 2748 per
673 2691 880 2749 Hippiam
900 2692 1138 2735 Isocratem
1157 2691 1411 2748 significari,
1430 2707 1481 2734 ex
1501 2690 1692 2747 Hippiae
1709 2703 1898 2746 persona

261 2813 285 2854 ¹)
310 2812 434 2846 Editio
462 2813 531 2846 vol.
557 2813 607 2847 IV
632 2815 721 2847 sect.
748 2813 762 2847 I
786 2825 872 2857 pag.
899 2813 971 2848 149.

260 2873 285 2914 2)
311 2872 549 2907 Akademika
573 2873 628 2907 57.
653 2886 687 2917 q.
713 2886 742 2908 s.

260 2933 285 2974 ³)
314 2932 412 2967 Diss.
438 2933 539 2967 Gau.
568 2934 664 2973 1895,
690 2934 734 2967 de
761 2933 902 2980 Hippia
927 2934 1066 2968 maiore
1090 2934 1153 2977 qui
1180 2934 1296 2968 fertur
1319 2933 1491 2968 Platonis
1515 2934 1569 2968 60.
1595 2946 1632 2977 q.
1654 2946 1683 2968 s.

1991 482 1994 487 ·
1987 427 1998 474 -—1
1981 351 1999 423 ,ἐν-ν
1986 266 2000 343 ⁵055!-
