2019 3299
994 177 1073 220 152

166 305 440 361 perfectum,
488 303 735 346 irascuntur
782 307 857 346 aut
907 301 1202 345 moestissimo
1249 302 1397 344 dolore
1432 301 1742 357 percutiuntur.
1779 301 1872 344 Hoc

186 384 332 422 autem
376 378 540 421 solacio
584 378 799 427 fruantur,
835 378 916 421 hac
948 377 1212 438 cogitatione
1245 392 1291 420 se
1323 377 1604 420 consolentur
1638 393 1690 420 ne
1722 377 1869 421 Solem

188 454 376 511 quidem.
405 453 478 510 qui
511 458 649 496 totum
683 453 894 496 mundum
929 453 1133 507 illustrat,
1166 468 1263 496 esse
1295 453 1390 495 sine
1416 453 1616 503 maculis,
1643 452 1871 497 Platonem

187 528 331 585 igitur,
366 529 563 572 Alterum
597 528 724 572 Illum
757 528 904 571 Solem
940 528 1046 572 talia
1078 543 1163 571 non
1195 527 1325 570 nimis
1357 528 1578 571 dedecere.

248 604 303 647 At
353 604 480 647 nobis
528 603 633 657 (noli
666 620 734 646 me
767 604 994 647 scurrilem
1030 609 1198 661 putare,
1231 620 1255 646 o
1288 598 1470 647 candide
1501 604 1673 659 lectorl)
1703 605 1872 649 amicus

188 679 364 736 quidem
400 680 535 729 Plato,
569 680 644 723 sed
678 679 819 735 magis
851 679 995 723 amica
1030 679 1205 723 veritas.
1241 682 1429 728 Τοιοῦτός
1457 682 1512 728 τίς
1538 681 1629 732 εἰμι,
1651 682 1698 722 οὐ
1716 682 1872 733 κομψὸς

187 756 284 795 ἀλλὰ
315 758 522 807 συρφετός,
553 755 673 796 οὐδὲν
705 756 797 796 ἄλλο
830 758 1050 807 φροντίζων
1081 755 1106 808 ἢ
1138 757 1180 796 τὸ
1212 756 1372 807 ἀληθές.

251 830 344 883 Hoc
375 830 505 886 igitur
535 836 599 873 est
632 830 747 887 quod
781 846 1012 887 rogamus;
1048 830 1241 874 semelne
1274 836 1444 874 tantum
1484 831 1680 888 peccavit
1709 831 1872 875 Plato?

188 905 392 948 Semelne
438 910 610 949 tantum
657 906 814 949 alienis
862 922 908 949 se
956 906 1177 949 coloribus
1224 906 1470 956 adornavit,
1520 906 1599 951 vel.
1647 911 1694 950 ut
1727 907 1872 951 verbis

187 981 332 1024 minus
380 981 544 1024 odiosis
593 986 701 1032 utar,
749 997 892 1025 unane
931 982 1151 1038 Apologia
1183 981 1509 1038 Xenophontea
1540 982 1729 1039 perlecta
1759 998 1871 1026 com·

189 1057 331 1112 pluria
376 1056 588 1100 memoria
634 1057 828 1106 retinuit,
871 1073 984 1114 quae
1026 1057 1197 1107 deinde,
1231 1062 1380 1113 utpote
1412 1058 1613 1102 idoneam
1647 1058 1871 1102 materiem

188 1137 356 1178 nactus,
387 1148 494 1176 suae
527 1132 770 1189 Apologiae
803 1133 1026 1180 insereret,
1061 1149 1140 1176 suo
1179 1133 1471 1190 pulcherrimo
1503 1133 1872 1191 ornatissimoque

187 1208 386 1251 aedilicio
418 1208 681 1251 adhiberet?
715 1210 784 1251 An
811 1211 1067 1263 proprium
1099 1209 1181 1251 hoc
1208 1214 1273 1252 est
1304 1209 1502 1252 Platonis
1529 1209 1657 1253 avide
1683 1209 1873 1266 arripere

187 1283 362 1327 aliunde
395 1299 507 1340 quae
540 1284 575 1327 ei
610 1284 811 1341 placeant
843 1300 1043 1341 quaeque
1075 1284 1181 1328 scite
1218 1284 1424 1328 adhibere
1461 1286 1636 1342 possit?
1680 1285 1874 1329 Hoccine

190 1375 323 1415 saepe
372 1359 466 1402 eius
514 1360 715 1403 meritum
759 1365 824 1403 est
857 1361 971 1417 quod
1006 1360 1233 1404 materiam
1267 1360 1444 1404 aliunde
1477 1366 1696 1417 sumptam
1733 1360 1872 1418 copia,

187 1435 418 1491 elegantia,
473 1435 645 1478 luxuria
702 1436 893 1492 quadam
946 1435 1226 1492 cogitationis
1276 1436 1404 1492 plane
1454 1435 1722 1486 reformavit,
1774 1453 1870 1480 cum

187 1510 429 1554 orationem
463 1526 589 1554 suam
623 1512 715 1554 suis
748 1511 888 1568 ipsius
921 1516 960 1554 et
994 1512 1179 1555 aliorum
1214 1512 1419 1562 inventis,
1458 1512 1701 1562 sententiis,
1733 1512 1872 1562 dictis,

186 1585 357 1630 facetiis
405 1591 637 1630 exornaret
680 1591 810 1643 atque
853 1586 1158 1630 illuminaret?
1198 1587 1614 1644 Interpretandusne
1645 1603 1778 1645 saepe
1809 1592 1873 1632 est

186 1677 237 1704 ex
284 1661 471 1705 aliorum
515 1662 661 1713 libris,
705 1662 890 1718 scriptis,
935 1662 1179 1711 sententiis,
1214 1662 1525 1713 locutionibus,
1559 1664 1738 1707 verbis?
1770 1664 1871 1707 Non

186 1737 359 1780 alienus
402 1737 593 1781 fortasse
631 1742 722 1781 erat
755 1738 810 1781 ab
844 1737 896 1781 iis
928 1753 1041 1795 quae
1075 1738 1130 1781 ab
1158 1737 1257 1781 aliis
1290 1738 1443 1788 facete,
1476 1744 1615 1789 acute,
1649 1739 1874 1796 ingeniose

186 1812 301 1856 dicta
349 1818 472 1856 erant
518 1813 777 1866 (Gallicumz
826 1813 1006 1869 l'esprit
1037 1817 1120 1858 des
1150 1814 1341 1867 autres).
1373 1813 1540 1865 Quodsi
1573 1815 1873 1860 demonstrare

187 1889 457 1945 potuerimus
514 1889 744 1932 Platonem
793 1905 882 1932 non
931 1890 1075 1933 solum
1124 1890 1252 1945 Apol.
1302 1890 1431 1939 Xen.,
1478 1891 1554 1934 sed
1596 1891 1727 1935 etiam
1774 1892 1872 1935 aliis

185 1964 379 2008 eiusdem
422 1964 614 2008 auctoris
649 1965 716 2008 vel
748 1964 935 2008 aliorum
969 1965 1228 2021 scriptorum
1261 1966 1435 2022 scriptis
1476 1981 1604 2009 usum
1637 1982 1747 2010 esse.
1780 1972 1871 2011 tum

184 2038 315 2082 simul
348 2040 782 2084 corroboraverimus
810 2040 1075 2084 sententiam
1109 2046 1305 2084 nostram
1335 2042 1385 2084 de
1413 2041 1580 2085 ratione
1607 2058 1720 2099 quae
1746 2043 1872 2087 inter-

183 2115 295 2158 cedit
327 2115 439 2158 inter
472 2115 600 2172 Apol.
634 2115 748 2159 Xen.
782 2120 823 2158 et
857 2115 967 2159 Plat.
1001 2116 1131 2173 Apol.
1165 2116 1221 2159 Ut
1255 2121 1399 2159 tamen
1433 2121 1547 2160 recte
1579 2117 1874 2174 intelllegatur

185 2191 289 2248 quid
333 2190 416 2235 sibi
467 2191 570 2234 velit
618 2191 699 2234 hoc
741 2196 871 2247 caput
907 2192 1096 2249 quidque
1129 2191 1180 2234 de
1213 2191 1396 2235 Platone
1429 2192 1640 2249 scriptore
1671 2194 1871 2244 sentiam,

187 2267 459 2323 comparatio
492 2266 619 2310 nobis
652 2266 771 2310 utilis
803 2267 898 2310 erit.

247 2418 466 2474 Vergilius
515 2418 650 2468 Maro,
686 2435 900 2481 ‘summus
942 2420 1243 2463 Romanorum
1277 2426 1406 2476 poeta
1442 2426 1481 2464 et
1519 2437 1633 2464 unus
1674 2422 1870 2465 omnium

185 2493 495 2546 suavissimus,
530 2494 740 2553 mirificus
773 2500 813 2538 et
847 2495 1164 2551 pulcherrimus
1197 2494 1364 2538 fructus
1395 2500 1474 2545 est,
1502 2512 1632 2553 quem
1654 2501 1747 2540 tota
1763 2498 1872 2540 anti-

184 2569 329 2626 quitas
363 2569 574 2612 enutrivit
607 2575 738 2627 atque
772 2570 989 2614 educavit.
1018 2570 1276 2626 Singulares
1303 2570 1418 2613 enim
1447 2570 1546 2614 illos
1565 2587 1720 2615 versus
1746 2572 1874 2616 melle

185 2645 404 2687 dulciores
447 2661 532 2687 non
578 2646 785 2689 omnibus
829 2647 1028 2701 partibus
1069 2662 1119 2689 ex
1164 2662 1249 2689 uno
1289 2662 1369 2690 suo
1402 2648 1540 2704 ipsius
1572 2647 1747 2703 ingenio
1780 2663 1872 2704 pro-

185 2720 362 2763 creavit.
412 2720 631 2764 Alumnus
674 2721 755 2764 fuit
800 2722 995 2765 omnium
1040 2722 1128 2765 fere
1162 2728 1387 2784 poetarum
1420 2728 1460 2766 et
1493 2723 1766 2780 scriptorum,
1798 2723 1872 2781 qui

185 2800 285 2838 ante
334 2810 432 2838 eum
482 2812 556 2852 per
591 2796 767 2852 longam
802 2798 1078 2841 saeculorum
1112 2798 1270 2841 seriem
1303 2799 1556 2842 floruerunt.
1587 2798 1749 2841 Eorum
1782 2798 1872 2841 lite-

184 2886 330 2914 rarum
379 2877 663 2914 monumenta
714 2872 889 2928 penitus
936 2873 1110 2928 cognita
1155 2873 1323 2916 habuit.
1367 2874 1601 2923 Homerus,
1635 2874 1872 2924 Hesiodus,

185 2951 343 3001 poetae
376 2946 540 3002 tragici,
581 2953 735 3003 poetae
767 2948 1067 2998 Alexandrini,
1091 2948 1354 3005 philosophi,
1378 2949 1680 2993 Romanorum
1705 2955 1872 3006 poetae,
