2019 3299
1063 168 1090 212 6

209 297 353 348 ’δῆλοσ
384 295 439 335 ὢν
472 294 589 334 παντὶ
622 294 687 333 καὶ
719 295 826 333 πάνυ
854 294 1082 345 πόρρωθεν,
1109 293 1164 332 ὅτι
1193 294 1231 332 εἴ
1252 309 1307 339 τις
1335 293 1478 341 ἅψεται
1503 293 1645 332 τούτου
1672 299 1742 332 τοῦ
1760 293 1922 345 ἀνδρός,

232 373 363 423 μάλα
406 369 706 422 ἐρρωμένως
749 369 1038 420 ἀμυνεῖται.
1083 367 1146 410 Ex
1191 367 1350 424 quibus
1393 365 1540 409 verbis
1572 366 1704 410 Simul
1736 372 1921 425 apparet

231 445 455 489 Socratem
483 459 666 500 magnos
694 443 777 487 sibi
807 443 990 499 spiritus
1013 443 1273 499 sumpsisse,
1294 441 1522 498 magnifice
1540 441 1920 500 circumspexisse,

231 520 292 564 ita
347 525 392 564 ut
439 520 640 562 homines
689 534 741 562 ex
790 518 885 562 eius
935 518 1058 561 vultu
1108 517 1362 573 intellegere
1405 522 1586 574 possent
1633 518 1777 575 qualis
1824 519 1920 563 eius

231 596 406 640 animus
449 600 489 638 et
531 594 756 651 ingenium
800 599 931 638 esset.
965 593 1130 637 Contra
1162 593 1365 636 inimicos
1396 597 1437 636 et
1470 593 1786 638 obtrectatores
1819 610 1919 638 eum

231 688 277 715 se
323 671 455 715 talem
505 669 772 727 praebuisse,
820 669 1009 713 ferocem
1059 673 1100 713 et
1144 668 1499 712 minitabundum
1543 684 1641 712 eum
1684 669 1824 714 fuisse
1867 685 1920 714 ex

231 746 300 790 his
340 746 448 790 locis
490 751 685 803 apparet⁹
729 761 816 789 non
854 751 1000 802 autem
1036 745 1179 789 solum
1212 750 1365 789 contra
1396 745 1613 793 inimicos,
1646 745 1778 790 etiam
1810 745 1922 790 inter

229 823 396 867 amicos
437 827 560 865 torve
602 821 761 865 intueri
806 821 1009 865 homines
1047 821 1233 871 solebat,
1269 827 1367 864 trux
1399 821 1493 865 eius
1526 821 1674 865 vultus
1707 837 1920 865 nonnum-

233 914 366 955 quam
401 903 505 942 erat.

288 973 419 1030 Apud
453 973 681 1017 Platonem
714 972 879 1016 Phaed.
918 972 998 1016 117
1035 973 1069 1015 Β
1100 972 1313 1029 legimus:

290 1049 368 1090 ἀλλ’
429 1052 595 1102 ὥσπερ
652 1052 833 1090 εἰώθει
888 1051 1151 1102 ταυρηδὸν
1212 1049 1523 1102 ὑποβλέψας
1579 1050 1678 1100 πρὸς
1733 1051 1800 1090 τὸν
1851 1050 1920 1089 ἅν-

230 1131 401 1177 θρωποι)
448 1143 480 1165 κ.
523 1143 552 1165 τ.
585 1130 616 1165 λ.
674 1124 906 1176 Quomodo
956 1125 1061 1168 illud
1105 1125 1369 1169 vocabulum
1413 1125 1614 1178 ταυρηδὸν
1663 1124 1919 1168 vertendum

230 1200 286 1244 sit
332 1199 601 1257 intellegitur
648 1201 806 1245 collato
853 1201 950 1245 loco
1002 1200 1045 1244 in
1100 1201 1239 1245 Ranis
1289 1200 1388 1244 804.
1430 1201 1481 1243 de
1519 1200 1742 1257 Aeschylo
1779 1215 1920 1257 ,aegre

234 1276 399 1334 aliquid
429 1276 617 1320 ferente:

291 1354 432 1405 ἔβλεψε
464 1360 562 1406 γοῦν
596 1354 797 1404 ταυρηδὸν
830 1353 1012 1405 ἐγκύψασ
1039 1355 1157 1404 κάτω,
1189 1357 1231 1396 et
1262 1352 1415 1410 Eurip.
1442 1352 1556 1396 Med.
1584 1352 1642 1396 92
1671 1357 1920 1404 ῖαυροῦῦθᾱι

233 1428 338 1480 ὄμμα
370 1445 464 1475 τινι;
492 1427 606 1471 Med.
644 1428 727 1471 188
767 1429 965 1481 ὃέργματα
998 1429 1296 1480 ἀπθταυροῦται
1329 1432 1479 1481 δμῶσιν
1522 1433 1564 1471 et
1595 1428 1649 1471 ad
1680 1427 1767 1471 vim
1803 1426 1923 1471 verbi

234 1504 471 1555 ὑποβλέπειν
528 1503 638 1546 bene
696 1503 1034 1560 intellegendam
1093 1503 1215 1561 epico
1263 1506 1420 1557 ὑποὸρα
1465 1507 1612 1559 μδών,
1652 1507 1693 1546 et
1738 1502 1920 1546 Thesm.

233 1577 367 1622 Arist.
408 1580 508 1622 396.
552 1579 722 1623 Sensus
766 1584 854 1623 est:
901 1584 1025 1622 torvo
1070 1579 1191 1623 voltu
1226 1579 1377 1623 oculos
1409 1579 1604 1629 tollebat,
1638 1577 1922 1636 suspiciebat,

233 1656 361 1706 ὥσπερ
395 1657 543 1703 εἰώθει,
574 1657 646 1699 sic
679 1657 736 1699 ut
762 1659 921 1712 facere
953 1657 1139 1700 solebat.

290 1729 409 1773 Alibi
442 1745 615 1788 quoque
648 1731 764 1788 apud
797 1731 1030 1775 Platonem
1059 1731 1206 1775 minus
1235 1731 1409 1776 disertis
1439 1731 1584 1775 verbis
1601 1730 1697 1775 eius
1713 1730 1922 1788 superbia

235 1805 478 1862 attingitur.

292 1881 444 1939 Symp.
472 1882 559 1926 220
588 1882 621 1924 Β
658 1882 867 1939 legimus:
908 1885 1013 1923 οἵδε
1041 1892 1271 1935 στρατιῶται
1298 1884 1523 1936 ὑπέβλεπον
1551 1884 1673 1924 αὐτὸν
1700 1883 1751 1932 ὡς
1775 1899 1922 1923 κατα-

233 1966 537 2008 φρονοῦντα
571 1959 716 2008 αὐτῶν,
749 1958 825 2001 sed
860 1958 942 2001 hoc
976 1958 1168 2002 fortasse
1201 1958 1384 2002 minoris
1417 1958 1640 2002 momenti.

290 2032 686 2076 Commentationis
729 2033 870 2077 instar
918 2039 1065 2077 autem
1110 2039 1213 2078 sunt
1255 2034 1364 2078 haec
1406 2050 1458 2078 ex
1491 2034 1601 2079 Plat.
1635 2034 1739 2078 Crit.
1771 2035 1827 2077 53
1860 2033 1920 2077 D:

233 2109 284 2156 ὡς
313 2111 474 2161 γελοίως
507 2111 548 2148 ἐκ
580 2117 648 2149 τοῦ
677 2111 947 2161 δεσμωτηρίου
975 2111 1269 2161 ἀιτεὸίδρασκεσ
1294 2112 1442 2162 σκευήν
1469 2111 1507 2150 τέ
1533 2128 1620 2151 τινα
1647 2110 1925 2163 περιθέμενος,

232 2184 256 2235 ’ἢ
297 2184 499 2236 διφθέραν
541 2186 674 2236 λαβὼν
717 2185 741 2237 ἢ
789 2185 886 2224 ἄλλα
929 2182 993 2225 οἷα
1037 2186 1086 2236 δὴ
1128 2188 1322 2226 εἰώθασιν
1363 2187 1673 2234 ἐνσκευάζεσθαι
1714 2187 1755 2225 οἵ
1783 2185 1922 2225 ἀποδι-

234 2261 488 2311 δράσκοντεσ,
520 2261 584 2299 καὶ
619 2262 666 2301 τὸ
700 2268 866 2312 σχῆμα
901 2262 952 2300 τὸ
985 2269 1179 2301 σαυτοῦ
1215 2263 1551 2312 μεταλλάξας·

293 2334 393 2377 Alio
439 2334 575 2384 vultu,
618 2335 704 2378 alio
738 2334 903 2383 habitu,
939 2335 1026 2378 alio
1061 2336 1235 2379 incessu
1270 2352 1345 2392 per
1380 2336 1473 2379 vias
1505 2336 1566 2379 ire
1598 2341 1691 2379 tum
1725 2335 1921 2385 debebis,

234 2425 374 2467 neque
418 2412 617 2463 ταυρηδὸν
660 2412 831 2462 βλέπων,
874 2426 1014 2467 neque
1055 2414 1355 2463 βρενθυόμενος
1389 2428 1529 2469 neque
1562 2419 1922 2463 σεμνοπροσωπῶν.

294 2487 333 2525 τὸ
367 2493 494 2537 σχῆμα
526 2487 568 2526 τὸ
604 2494 774 2529 ammo:
809 2489 1108 2541 singularem
1139 2489 1274 2531 illum
1309 2490 1443 2531 bitum
1474 2490 1703 2532 habitum.

292 2560 452 2604 Omnia
490 2565 637 2604 autem
680 2561 788 2604 haec
823 2562 956 2604 verba
989 2566 1028 2604 et
1063 2562 1279 2605 vocabula
1310 2562 1469 2605 indicio
1504 2567 1606 2606 sunt
1638 2562 1919 2619 philosopho-

233 2652 328 2678 rum
362 2635 611 2692 superbiam
646 2642 686 2679 et
719 2637 986 2685 iactantiam,
1018 2638 1298 2681 notissimum
1328 2638 1432 2681 illud
1464 2654 1625 2681 vanum
1645 2643 1686 2681 et
1702 2638 1918 2681 tumidum

233 2711 455 2766 ingenium
505 2727 590 2754 non
638 2712 830 2755 alienum
880 2711 1017 2755 fuisse
1065 2728 1091 2756 a
1133 2713 1328 2757 Socrate.
1373 2714 1511 2757 Immo
1551 2713 1744 2770 suspicio
1782 2713 1919 2757 oritur

235 2786 475 2829 Lucianum
516 2787 556 2828 in
593 2787 718 2830 Mori.
754 2788 865 2831 Dial.
894 2788 930 2830 V
963 2790 990 2831 8
1023 2788 1249 2831 Socratem
1284 2789 1367 2832 sibi
1401 2789 1650 2846 exemplum
1685 2789 1738 2832 ad
1771 2789 1916 2846 depin-

234 2861 423 2916 gendum
466 2862 711 2918 sumpsisse
754 2868 794 2905 et
835 2864 889 2906 ad
932 2863 1330 2919 perstringendum.
1364 2864 1508 2907 Isdem
1541 2863 1656 2907 enim
1693 2864 1918 2908 vocabulis

237 2935 372 2979 utitur
420 2936 580 2994 quibus
613 2938 820 2982 Socrates
853 2943 1002 2983 noster
1034 2939 1294 2996 depingitur.

2002 3251 2014 3299 »aa
