2019 3299
1024 169 1106 213 158

279 290 428 338 Cobet,
462 306 662 333 summus
690 295 839 334 noster
870 291 1059 341 criticus,
1088 307 1177 347 pro
1208 297 1312 338 eius
1342 297 1559 338 doctrina
1577 297 1904 351 suaviter,pro

218 368 322 410 eius
365 368 523 410 indole
569 368 753 419 acriter,
803 366 843 408 in
893 367 1112 423 dialogum
1158 368 1427 412 Alcibiadem
1472 369 1658 425 priorem
1701 370 1902 414 invectus

218 446 296 488 est,
336 442 449 498 quod
487 441 750 484 adiectivum
794 444 967 495 κρήγυος
1009 442 1066 485 ibi
1108 443 1335 499 legebatur
1354 444 1401 498 ¹).
1445 444 1622 488 Praeter
1651 445 1764 489 alias
1795 446 1903 490 haec

217 532 390 573 quoque
422 531 558 560 causa
604 521 709 571 erat,
754 517 870 573 quod
920 518 1035 560 hunc
1077 518 1299 572 dialogum
1344 519 1518 563 Platoni
1561 519 1899 564 abiudicandum

217 607 312 635 esse
359 592 580 635 censebat.
632 592 872 649 Postquam
913 593 1131 637 concessit
1173 610 1312 650 genus
1355 595 1540 645 dicendi,
1582 611 1669 649 quo
1712 595 1904 640 imitator

216 667 363 717 utitur,
399 683 495 711 esse
524 667 732 717 Atticum,
767 683 940 725 purum,
973 673 1153 719 tersum,
1187 670 1380 726 elegans,
1414 670 1476 713 sic
1509 670 1669 727 pergit:
1707 671 1898 725 „Vitium

214 744 383 787 dicendi
430 747 498 786 sat
544 743 827 787 manifestum
878 760 1011 788 unum
1061 749 1176 788 certe
1223 745 1528 801 deprehendas
1575 761 1672 804 pag.
1724 747 1820 790 111.
1849 747 1899 790 D.

213 822 353 860 ἱκανὸν
385 821 427 860 δέ
459 833 521 859 σοι
547 823 759 871 τεκμήριον
793 822 850 860 ὅτι
883 822 955 861 οὐκ
988 821 1215 861 ἐπίστανται
1248 821 1342 862 οὖὸὲ
1374 823 1540 874 κρήγυοι
1573 823 1807 862 διδάσκαλοί
1828 823 1902 862 εἶσι

212 898 373 936 τούτων.
423 897 649 947 Φιλόμηρος
696 900 763 938 est
814 895 985 951 Dialogi
1029 900 1181 938 auctor
1214 900 1254 939 et
1281 895 1323 939 in
1359 896 1541 939 Homeri
1576 896 1722 940 verbis
1753 897 1901 940 ludere

213 974 254 1013 et
299 970 431 1014 iocari
478 970 648 1020 solitu&
698 975 744 1014 ut
790 970 832 1013 in
883 972 924 1011 ἐν
976 974 1253 1022 Λακεδαίμονι
1299 975 1363 1027 δίᾳ
1407 977 1447 1015 et
1490 974 1747 1024 εὐπρόσωπος
1778 973 1797 1013 ὁ
1829 981 1898 1014 τοῦ

211 1049 473 1099 μεγαλήτορος
516 1049 641 1098 δῆμος
677 1045 901 1098 Ἐρεχθέως
938 1073 987 1077 -
1025 1047 1100 1090 sed
1145 1046 1185 1089 in
1229 1049 1404 1100 κρήγυος
1446 1047 1598 1104 lapsus
1631 1054 1695 1090 est
1727 1052 1768 1090 et
1799 1049 1898 1091 sub-

213 1121 356 1178 inepte
405 1121 666 1164 vocabulum
715 1121 797 1163 sibi
841 1121 1111 1178 incognitum
1154 1121 1299 1178 posuit
1333 1138 1465 1165 sensu
1499 1121 1700 1165 fictici0’'.
1735 1122 1900 1167 Deinde

212 1197 343 1253 paulo
378 1202 495 1253 post:
534 1195 642 1251 „Qui
679 1196 903 1240 Platonem
940 1197 1049 1240 bene
1084 1202 1315 1243 noverunt.
1352 1213 1436 1240 non
1470 1197 1598 1240 facile
1628 1197 1895 1242 inducuntin

211 1272 406 1317 animum
435 1288 511 1329 pro
543 1273 692 1326 ἀγαθοὶ
723 1275 955 1313 διδάσκαλοι
988 1272 1140 1329 putide
1173 1277 1213 1315 et
1246 1273 1449 1316 affectate
1473 1275 1640 1326 κρήγυοι
1665 1275 1899 1315 διδάσκαλοι

210 1349 265 1392 ab
297 1349 391 1405 ipso
425 1347 506 1391 dici
540 1346 783 1404 potuisse.''

270 1424 407 1467 Credo
437 1423 574 1466 virum
605 1422 942 1478 sagacissimum
974 1428 1013 1466 et
1041 1423 1308 1467 Graecarum
1336 1424 1561 1467 literarum
1581 1423 1894 1480 peritissimum

210 1501 317 1544 haec
352 1515 426 1556 per
458 1498 794 1555 imprudentiam
829 1499 1044 1542 emisisse.
1083 1500 1177 1556 lpse
1211 1499 1325 1542 enim
1360 1499 1485 1543 Plato
1518 1502 1739 1552 φιλόμηρος
1765 1508 1827 1543 est
1855 1505 1898 1543 et

210 1575 251 1618 in
287 1575 467 1618 Homeri
499 1574 644 1618 verbis
677 1575 826 1618 ludere
859 1580 899 1618 et
927 1575 1061 1619 iocari
1088 1576 1211 1618 solet.
1240 1576 1339 1632 Ipse
1364 1576 1487 1619 Plato
1506 1576 1894 1633 appetentissimus

208 1657 273 1695 est
313 1651 466 1695 talium
513 1651 843 1694 vocabulorum.
878 1651 942 1694 Ex
981 1651 1080 1695 aliis
1124 1652 1272 1695 multis
1316 1653 1424 1695 haec
1457 1652 1638 1695 afferam
1677 1652 1895 1696 vocabula

210 1727 445 1770 Homerica
485 1726 631 1770 minus
672 1727 838 1771 usitata
880 1732 920 1771 et
962 1728 1210 1771 recondita:
1254 1728 1438 1771 Pbaedr.
1488 1728 1570 1771 251
1593 1728 1643 1772 B.
1676 1729 1896 1781 ἀνακηκίει,

207 1803 391 1846 phaedr.
426 1802 513 1845 24¹8
531 1802 582 1845 A.
619 1804 871 1856 ὕποβρύχιαι,
902 1803 1013 1846 Phil.
1048 1804 1103 1847 62
1123 1803 1172 1846 B.
1206 1807 1450 1857 μισγαγκεία.

265 1878 383 1922 Satis
417 1878 648 1922 Homerice
681 1884 721 1922 et
753 1880 923 1923 literate
955 1880 1148 1937 loquitur
1176 1896 1395 1937 nusquam
1431 1896 1532 1924 non.

266 1953 360 1996 Hoc
392 1953 534 1997 solum
567 1954 697 2010 igitur
726 1956 921 2003 restabit,
956 1960 1001 1998 ut
1032 1956 1276 2001 doleamus.
1311 1955 1525 2013 imprimis
1558 1955 1754 1999 Platonis
1789 1956 1890 1999 ado-

202 2033 383 2077 ratores,
417 2045 638 2072 summum
673 2030 984 2086 philosophum
1021 2031 1193 2088 „putide
1223 2036 1261 2074 et
1281 2031 1512 2075 affectate''
1532 2030 1650 2088 loqui
1670 2031 1886 2087 potuisse!

262 2104 380 2147 Idem
425 2104 600 2148 criticus
643 2106 775 2161 paulo
818 2112 914 2162 post
945 2106 1124 2159 (Mnem.
1163 2107 1288 2150 1874.
1323 2123 1409 2163 pag
1439 2107 1541 2156 379)
1573 2107 1805 2163 disputans
1837 2107 1888 2150 de

206 2179 340 2223 Midia
381 2181 656 2237 ὀρτυγοτρόφῳ
700 2181 807 2224 haec
851 2181 1046 2238 scripsit:
1095 2182 1203 2236 „Qui
1251 2182 1524 2226 Alcibiadem
1558 2182 1732 2240 scripsit
1761 2181 1890 2226 faceti

204 2255 365 2311 ingenii
408 2255 538 2299 homo
582 2256 736 2300 sedulo
770 2257 972 2300 Comicos
1005 2258 1124 2300 trivit
1156 2274 1394 2315 eorumque
1427 2259 1544 2302 dicta
1576 2264 1616 2302 et
1649 2258 1766 2302 sales
1796 2258 1890 2301 suis

205 2331 349 2374 verbis
394 2331 553 2375 lubens
601 2332 767 2379 inserit,
818 2333 933 2389 quod
984 2338 1048 2376 est
1095 2349 1121 2376 a.
1164 2333 1361 2377 Platonis
1394 2334 1612 2390 gravitate
1649 2332 1887 2377 alienum.”

203 2406 329 2450 Errat
359 2406 422 2448 vir
444 2411 614 2450 acutus.
647 2407 739 2449 Hoc
768 2407 911 2463 ipsum
944 2408 1145 2464 propium
1172 2414 1236 2451 est
1265 2408 1478 2452 Platonis.
1505 2408 1884 2464 Scatent‚opin0r‚

202 2481 398 2524 Platonis
445 2482 606 2538 dialogi
654 2481 778 2525 dictis
826 2498 938 2539 quae
986 2489 1062 2526 aut
1102 2484 1279 2527 comicis
1320 2483 1469 2527 debuit
1510 2489 1585 2527 aut
1621 2484 1883 2527 comicorum

202 2556 435 2599 dictionem
469 2557 677 2600 redolent.

261 2705 382 2756 Quae
424 2707 574 2749 omnia
615 2707 915 2751 demonstrare
960 2708 1090 2751 huius
1123 2708 1446 2752 dissertationis
1479 2724 1575 2752 esse
1608 2723 1694 2752 non
1728 2713 1884 2765 potest.

260 2781 408 2825 Pauca
454 2787 598 2825 tamen
647 2782 848 2831 adiciam,
899 2783 1084 2839 primum
1134 2799 1246 2840 quae
1295 2784 1425 2827 etiam
1474 2783 1614 2840 magis
1665 2783 1882 2827 illustrent

247 2933 272 2975 ¹)
297 2932 542 2977 Mnemosyne
568 2934 654 2968 1874
680 2948 762 2978 pag.
789 2935 866 2969 371.

2007 295 2012 305 v
2001 236 2012 283 Aor-
1984 0 2019 219 ‘hm-
