2019 3299
1011 162 1091 206 174

169 287 500 338 ,ἀστρονομοῦσα
547 287 612 327 καὶ
659 295 792 326 πᾶσαν
843 290 972 342 πάντῃ
1015 290 1139 338 φύσιν
1171 288 1421 340 ἔρευνωμένη
1454 297 1531 328 τῶν
1564 289 1689 329 ὄντων
1720 288 1885 330 ἑκάστου

199 363 307 411 ὅλου,
338 364 391 410 εἰς
424 370 500 402 τῶν
533 363 648 415 ἐγγὺς
682 362 804 402 οὐδὲν
837 363 964 413 αὑτὴν
997 369 1274 416 συγκαθιεῐσα.

263 437 351 480 Etsi
398 442 488 480 toto
536 437 617 479 hoc
665 437 775 492 loco,
810 437 995 480 Theaet.
1034 437 1114 480 172
1136 438 1331 485 D—176.
1367 438 1436 481 hic
1473 442 1604 495 atque
1636 438 1722 481 illic
1757 452 1885 482 verus

197 518 327 570 atque
384 513 617 556 historicus
675 512 881 555 Socrates
929 513 1085 569 respici
1134 513 1305 556 videtur
1328 512 1373 567 ¹),
1423 514 1569 556 statim
1623 513 1888 570 intellegitur

199 604 313 632 nunc
345 588 517 645 quidem
551 588 720 640 (17:313)
754 603 839 630 non
874 593 1039 644 patrem
1071 589 1376 645 philosophiae
1400 594 1609 646 tanquam
1638 589 1884 646 exemplum

199 665 560 721 philosophorum
609 664 784 721 generis
832 664 960 707 nobis
997 664 1187 720 depingi,
1223 680 1364 721 neque
1402 664 1499 721 „pia
1530 665 1741 708 memoria
1773 680 1888 708 nunc

199 739 371 790 recoli‘'‚
422 756 562 797 neque
599 740 802 794 „dotibus
833 739 995 796 ingenii
1029 740 1264 783 exornari”
1299 741 1465 797 poetice
1499 756 1524 783 a
1556 740 1739 784 Platone
1772 740 1887 784 dicta

197 815 335 873 ipsius
382 815 593 871 magistri.
643 814 797 865 Qualis
846 814 961 858 enirn
1012 815 1302 872 philosophus
1351 815 1431 858 hoc
1477 816 1572 859 loco
1621 815 1747 859 nobis
1785 821 1886 860 ante

197 892 347 935 oculos
394 892 605 949 ponitur?
651 892 916 947 Physicusl
963 891 1058 934 Hoc
1102 891 1295 935 indicant
1330 892 1462 935 verba
1499 893 1675 943 οὐρανοῦ
1708 891 1751 932 θ’
1787 894 1886 945 ὕπερ

196 969 626 1020 ἀστρονομοῦσα,
673 969 738 1007 καὶ
785 975 918 1007 πᾶσαν
966 970 1095 1023 πάντῃ
1143 970 1304 1017 φύσιν
1352 968 1601 1020 ἐρευνωμένη
1643 975 1719 1007 τῶν
1760 968 1886 1008 ὄντων

196 1044 361 1085 ἑκάστου
394 1044 501 1095 ὅλου,
533 1045 587 1091 εἰς
621 1051 697 1083 τῶν
730 1044 846 1097 ἐγγὺς
879 1043 999 1084 οὐδὲν
1033 1044 1159 1094 αὑτὴν
1193 1049 1467 1096 συγκαθιεῖσα.

255 1118 355 1161 Non
391 1118 497 1162 haec
530 1117 726 1161 Socratis
765 1122 904 1162 erant.
934 1117 988 1168 Is,
1019 1134 1041 1161 e
1069 1118 1303 1166 contrario,
1332 1119 1376 1158 τὰ
1394 1119 1582 1172 ἐγγύτατα
1600 1117 1886 1175 contemplari

196 1193 410 1237 solebati.
430 1210 464 1237 e.
487 1198 624 1237 semet
644 1194 803 1250 ipsum,
838 1193 891 1237 cf.
925 1194 1111 1237 Phaedr.
1145 1195 1230 1238 9229
1250 1194 1297 1237 E.
1330 1193 1623 1251 Physicorum
1655 1193 1815 1244 studia,
1849 1194 1885 1237 si

195 1285 282 1312 non
331 1269 651 1326 aspernabatur
675 1270 718 1321 2),
767 1274 963 1313 attamen
1014 1285 1192 1326 operam
1242 1269 1305 1312 eis
1352 1285 1438 1312 non
1487 1268 1632 1319 dabat,
1670 1269 1724 1313 cf.
1757 1270 1885 1327 Apol.

196 1345 305 1389 Plat.
358 1345 408 1388 19
429 1344 474 1393 C,
526 1344 598 1388 ubi
647 1344 822 1388 disertis
872 1344 1017 1388 verbis
1059 1345 1249 1388 declarat
1281 1344 1442 1393 omnia,
1475 1359 1588 1401 quae
1621 1345 1673 1388 de
1704 1344 1885 1389 Socrate

195 1421 269 1464 illo
303 1420 632 1477 Aristophaneo
666 1420 708 1463 in
742 1421 950 1464 machina
978 1437 1195 1477 suspenso
1227 1421 1268 1463 in
1304 1421 1512 1464 Nubibus
1543 1421 1760 1477 leguntur,
1788 1436 1886 1464 con·

195 1497 297 1540 ficta
343 1512 454 1546 esse,
504 1497 671 1540 nullam
721 1513 768 1540 se
816 1497 910 1540 eius
952 1497 1176 1540 doctrinae
1210 1497 1439 1540 scientiam
1475 1501 1634 1546 tenere,
1667 1512 1807 1555 neque
1837 1513 1884 1541 se

195 1573 404 1629 indagare
452 1576 496 1612 τά
544 1590 580 1613 τε
641 1574 719 1614 ὑπὸ
762 1581 833 1626 γῆς
866 1575 931 1613 καὶ
970 1575 1163 1623 οὐράνια.
1196 1572 1318 1624 Quae
1353 1573 1508 1616 ultima
1541 1573 1674 1616 verba
1706 1589 1886 1630 prorsus

193 1649 413 1693 contraria
430 1653 533 1692 sunt
555 1648 732 1692 Pindari
762 1648 920 1699 verbis,
950 1649 1109 1706 quibus
1136 1649 1312 1693 animus
1339 1648 1508 1706 physici
1535 1648 1689 1692 dicitur
1705 1649 1882 1692 circum-

195 1725 341 1768 volare
373 1733 440 1773 τᾶς
472 1741 509 1764 τε
541 1733 611 1778 γᾶς
646 1726 843 1775 ὑπένερθε
873 1752 923 1756 ——
953 1727 1130 1778 οὐρανοῦ
1164 1723 1206 1764 θ’
1243 1727 1355 1776 ὕπερ.
1388 1724 1513 1767 Errat
1548 1739 1651 1780 ergo
1680 1723 1882 1768 Leeuwe-

193 1801 305 1848 nius,
350 1800 422 1858 qui
463 1800 684 1844 contendit
727 1800 768 1843 in
804 1800 885 1843 hac
919 1800 1178 1857 quaestione
1210 1799 1342 1853 (Nub.
1385 1800 1547 1856 proleg.
1586 1799 1778 1853 XXXII)
1813 1801 1882 1855 „in

192 1875 463 1933 perridiculis
496 1876 639 1919 verbis
667 1875 860 1919 Socratis
893 1875 1208 1933 Aristophanei
1235 1875 1378 1918 inesse
1397 1876 1511 1932 quod
1530 1876 1727 1919 adhiberi
1746 1875 1882 1933 possit

192 1953 245 1996 ad
289 1968 439 1995 verum
481 1952 707 1995 Socratem
750 1952 906 1995 melius
950 1951 1304 2008 cognoscendum
1344 1955 1384 1994 et
1413 1950 1592 2007 (proleg.
1625 1950 1795 2005 XXXI)
1827 1952 1880 1995 ad

191 2027 387 2072 Platonis
406 2028 533 2071 fldem
554 2028 595 2070 in
616 2028 856 2071 referendis
874 2027 1071 2084 magistri
1086 2027 1212 2070 dictis
1226 2033 1265 2069 et
1278 2026 1480 2083 cogitatis
1492 2014 1882 2071 confi1·m⁵andam.'’

251 2105 414 2148 Comici
449 2104 555 2147 iocis
589 2109 627 2146 et
663 2104 834 2147 facetiis
866 2104 993 2147 Plato
1030 2103 1290 2146 vescebatur
1332 2102 1458 2160 quasi
1496 2103 1686 2160 quodam
1719 2103 1881 2159 ingenii

193 2181 368 2237 pabulo.
403 2181 497 2224 Hoc
531 2180 814 2225 manifestum
849 2180 894 2223 fit
928 2196 979 2222 ex
1014 2180 1095 2223 hoc
1128 2195 1301 2237 quoque
1330 2180 1425 2222 loco
1454 2179 1496 2222 in
1524 2179 1706 2223 Theaet.
1729 2180 1809 2223 175
1829 2180 1878 2230 D,

191 2256 265 2299 ubi
298 2256 469 2300 iuvenis
503 2256 589 2306 ille,
623 2272 721 2300 acer
749 2261 788 2299 et
816 2256 1036 2299 timendus
1060 2260 1161 2299 ante
1181 2255 1345 2298 iudices
1363 2254 1658 2304 adversarius,
1677 2260 1879 2299 versutus

190 2332 365 2389 quidem
398 2332 660 2382 causidicus,
693 2332 829 2375 animi
861 2337 1009 2375 autem
1044 2331 1204 2388 pusilli,
1238 2331 1505 2387 simulatque
1533 2330 1730 2388 sequitur
1764 2346 1877 2386 „non

191 2409 395 2465 passibus
428 2409 610 2467 aequis''
645 2409 958 2466 philosophum
992 2409 1033 2452 in
1064 2408 1289 2452 Coelestes
1314 2407 1627 2465 Philosophiae
1644 2407 1878 2463 Regiones,

190 2484 347 2528 dicitur
393 2485 671 2542 praebiturus
721 2501 817 2528 esse
865 2485 1095 2528 ridiculum
1145 2483 1444 2541 spectaculum
1494 2485 1689 2537 εἰλιγγιῶν
1730 2499 1768 2523 τε
1799 2484 1877 2524 ἀπὸ

188 2561 350 2612 ὑψηλοῦ
398 2562 639 2612 κρεμασθεὶς
685 2562 752 2602 καὶ
804 2563 962 2613 βλέπων
1005 2561 1195 2612 μετέωρος
1237 2561 1409 2600 ἄνωθεν.
1442 2558 1699 2615 Suspensus
1731 2557 1802 2602 ille
1833 2557 1876 2601 in

187 2635 467 2693 philosophia
513 2636 740 2693 imperitus
788 2636 1039 2680 causidicus
1088 2635 1262 2679 nonnisi
1312 2651 1363 2678 ex
1410 2634 1740 2691 comparatione
1777 2648 1873 2677 cum

187 2710 295 2755 locis
343 2712 471 2755 modo
504 2727 555 2755 ex
590 2712 887 2769 Aristophane
922 2711 1072 2755 allatis
1105 2715 1218 2754 recte
1252 2709 1447 2766 intellegi
1479 2714 1635 2767 potest.
1668 2709 1703 2751 E
1743 2709 1875 2753 verbo

232 2885 259 2925 ²)
282 2883 387 2917 Conf.
411 2886 535 2917 tamen
560 2895 646 2928 pag.
674 2883 724 2916 14.

237 2945 262 2988 ²)
290 2944 394 2978 Cont.
419 2946 545 2978 tamen
571 2957 656 2988 pag.
680 2943 735 2983 29,
758 2944 812 2978 30.
