2019 3299
1049 187 1127 229 148

191 322 194 327 ’
230 312 371 356 solum
418 312 460 354 in
507 311 724 368 colloquio
761 328 858 355 cum
896 312 1169 367 Hermogene
1202 312 1317 355 dicta
1348 318 1507 356 essent.
1541 313 1614 357 sed
1645 313 1776 357 etiam
1810 318 1912 358 ante

230 388 408 435 iudices,
440 403 537 430 cum
572 403 751 430 causam
781 387 954 437 diceret,
988 403 1039 430 ea
1067 387 1227 436 omnia,
1257 388 1422 444 opinor,
1453 393 1493 431 et
1520 388 1562 431 in
1582 388 1681 432 aliis
1698 388 1914 445 apologiis

230 468 573 507 commemorata
613 468 775 513 essent,
806 468 846 506 et
876 463 1019 506 omnis
1050 479 1185 507 causa
1218 463 1433 507 scribendi
1467 464 1729 508 concidisset
1762 464 1912 508 Xeno·

233 538 383 593 phonti
416 544 548 596 atque
580 538 851 582 evanuisset.

292 614 411 658 Haec
448 613 577 669 igitur
618 613 765 670 opinio
804 613 950 657 statim
985 613 1224 663 1·eicienda;
1258 614 1443 657 eandem
1477 615 1531 657 ob
1564 629 1744 658 causam
1782 614 1912 672 Apol.

232 689 339 732 Plat.
388 690 581 732 nondum
629 689 792 744 scripta
837 705 934 733 esse
968 689 1119 746 potuit.
1162 688 1309 732 Unum
1350 689 1483 745 igitur
1517 690 1732 747 reliquum
1766 696 1830 733 est
1864 695 1910 734 ut

228 781 470 813 sumamus,
505 781 562 808 sc.
594 764 633 807 id
665 765 780 822 quod
814 765 900 808 iam
935 765 976 807 in
1010 764 1153 820 capite
1189 764 1314 807 tertio
1348 765 1655 816 indicavimus,
1684 765 1913 809 Platonem

230 841 449 897 Apologia
480 840 803 896 Xenophontea
834 845 1043 897 tanquam
1078 840 1196 883 fonte
1229 855 1357 883 usum
1391 856 1501 884 esse.

290 992 335 1035 Ο.
369 990 546 1034 Tertius
593 990 875 1034 adversarius
922 995 988 1033 est
1037 991 1094 1034 M.
1142 991 1347 1038 WETZEI„
1396 991 1469 1048 qui
1511 991 1710 1048 perhibet
1751 991 1914 1035 similia

228 1067 311 1123 ipsi
359 1066 529 1110 Socrati
571 1066 716 1109 deberi
758 1066 784 1109 l.
819 1066 870 1109 l.:
917 1066 1081 1121 „Alsob
1114 1067 1234 1109 diese
1270 1066 1788 1123 „Beruhrungspunkte'’
1821 1067 1914 1110 sich

228 1143 345 1185 nicht
377 1142 479 1184 sehr
511 1141 683 1184 einfach
718 1141 878 1184 daraus
912 1141 1144 1192 erklarten,
1178 1142 1281 1185 dasz
1308 1142 1370 1185 sie
1400 1142 1478 1185 auf
1503 1142 1599 1185 eine
1617 1142 1915 1198 gemeinsame

228 1217 395 1269 Quelle,
428 1216 617 1259 namlich
651 1216 731 1260 auf
761 1217 972 1260 Sokrates
1006 1217 1155 1265 selbst,
1190 1217 1542 1274 zuriflckgehen''.

287 1293 440 1350 Neque
473 1293 581 1336 haec
612 1292 831 1335 sententia
864 1292 970 1335 mihi
1003 1292 1178 1348 probari
1214 1297 1377 1349 potest:

291 1444 330 1498 l)
375 1444 484 1487 Illud
528 1443 820 1499 Hermogenis
853 1459 951 1486 cum
986 1443 1166 1487 Socrate
1199 1443 1465 1501 colloquium
1498 1443 1597 1487 aliis
1629 1443 1914 1500 scriptoribus

225 1520 424 1576 ignotum
473 1519 610 1562 fuisse
659 1519 841 1562 videtur.
877 1519 1031 1576 Neque
1062 1519 1170 1563 talia
1200 1534 1227 1562 a
1258 1519 1441 1563 Socrate
1468 1524 1569 1563 ante
1600 1519 1768 1563 iudices
1800 1519 1916 1564 dicta

227 1601 357 1640 erant,
401 1596 493 1638 Hoc
526 1594 749 1651 proprium
783 1599 874 1638 erat
907 1595 1230 1651 Xenophontis.
1264 1595 1351 1638 Fac
1384 1599 1530 1638 autem
1550 1595 1915 1653 Platoniquoque

225 1673 332 1715 haec
364 1670 623 1714 innotuisse.
657 1670 825 1714 Tamen
860 1670 953 1713 eius
987 1670 1206 1727 Apologia
1238 1671 1431 1713 nondum
1461 1670 1502 1713 in
1529 1671 1669 1714 lucem
1696 1670 1910 1728 prodiisse

225 1748 418 1805 putanda
444 1751 522 1790 est.
551 1746 798 1802 Xenophon
829 1746 942 1789 enim
972 1745 1181 1789 ridiculus
1208 1745 1342 1792 fieret,
1371 1746 1407 1788 si
1435 1746 1577 1788 denuo
1605 1745 1910 1803 iteraretquae

222 1824 264 1867 in
307 1823 394 1867 alio
436 1822 596 1879 scripto
639 1822 782 1878 (Apol.
824 1822 951 1874 Plat.)
992 1821 1078 1865 iam
1112 1822 1372 1877 legerentur,
1406 1836 1674 1879 quamquam
1711 1821 1752 1864 in
1789 1837 1908 1877 prae-

222 1899 385 1942 fatione
419 1897 693 1954 praedixerat
726 1911 848 1941 nova
880 1913 927 1940 se
961 1897 1221 1940 collaturum
1256 1913 1369 1940 esse.
1403 1896 1756 1952 Confugiendum
1777 1896 1912 1952 igitur

221 1975 316 2023 erit,
363 1974 399 2017 si
447 1973 710 2016 Wetzelium
754 1988 1001 2029 sequemur,
1043 1973 1096 2016 ad
1132 1973 1245 2017 hanc
1277 1972 1598 2015 coniecturam:
1632 1972 1760 2028 Apol.
1794 1971 1907 2015 Xen.

221 2057 260 2093 et
293 2050 419 2106 Apol.
455 2049 562 2092 Plat.
596 2049 747 2091 eodem
781 2054 976 2104 tempore
1008 2049 1193 2104 scriptas
1227 2064 1337 2097 esse,
1376 2047 1524 2105 utique
1556 2047 1684 2104 Apol.
1722 2047 1906 2091 Platoni·

220 2142 315 2169 cam
350 2141 434 2168 non
469 2125 590 2181 prius
622 2124 785 2181 publici
823 2124 929 2166 iuris
963 2123 1124 2167 factam
1158 2140 1269 2167 esse.

281 2202 402 2244 Haec
433 2206 578 2244 autem
612 2200 761 2256 opinio
795 2199 900 2242 mihi
934 2200 1103 2243 videtur
1136 2200 1266 2243 nimis
1299 2200 1427 2256 longe
1460 2199 1595 2256 petita
1622 2204 1661 2242 et
1688 2188 1902 2256 quaesita.

278 2353 323 2407 2)
357 2351 535 2395 Accedit
567 2352 649 2394 hoc
681 2366 868 2408 quoque.

278 2428 445 2479 Quodsi
486 2427 734 2482 Xenophon
784 2432 823 2470 et
866 2427 990 2469 Plato
1024 2442 1045 2468 e
1082 2426 1304 2469 communi
1336 2426 1456 2469 fonte
1490 2425 1694 2469 hausisse
1721 2425 1903 2482 putandi

217 2510 335 2555 sunt,
381 2505 629 2561 similiaque
677 2503 758 2560 ipsi
803 2503 973 2547 Socrati
1017 2504 1242 2552 debentur,
1292 2519 1377 2545 non
1422 2503 1640 2558 intellego,
1683 2501 1902 2558 quomodo

214 2580 566 2637 interpretandae
607 2579 694 2622 sint
736 2579 1061 2628 similitudines,
1105 2594 1217 2635 quae
1256 2578 1463 2621 exhibent
1499 2578 1633 2620 verba
1669 2592 1782 2634 quae
1815 2592 1900 2619 non

215 2660 318 2699 sunt
365 2656 481 2699 dicta
527 2656 581 2699 ab
629 2656 725 2712 ipso
774 2655 967 2705 Socrate,
1011 2671 1124 2712 quae
1167 2655 1298 2710 igitur
1339 2670 1424 2697 non
1469 2654 1681 2697 debentur
1713 2652 1900 2702 Socrati,

217 2747 355 2788 neque
388 2732 441 2774 ad
473 2747 571 2774 eum
606 2736 817 2788 tanquam
846 2731 899 2774 ad
927 2746 1205 2774 communem
1230 2730 1395 2773 fontem
1414 2729 1565 2772 referri
1585 2733 1785 2785 possunt,
1804 2743 1840 2771 e.
1859 2742 1898 2783 g.

212 2806 319 2849 illud
357 2809 643 2857 καταψήσαντα
675 2808 800 2847 αὐτοῦ
833 2808 903 2857 τὴν
935 2808 1126 2857 κεφαλήν,
1168 2806 1284 2862 quod
1316 2805 1475 2861 legitur
1507 2805 1589 2861 Ap.
1623 2804 1736 2846 Xen.
1770 2804 1826 2846 28
1859 2807 1899 2846 et

215 2881 325 2924 Plat.
372 2881 534 2924 Phaed.
583 2881 693 2924 89ss
743 2886 783 2924 et
824 2881 931 2923 illud
964 2883 1107 2933 ἱλαρῶς
1141 2881 1207 2923 vel
1241 2882 1353 2928 ἵλεως
1380 2880 1496 2937 quod
1529 2878 1751 2922 invenitur
1783 2876 1896 2934 apud

215 2961 463 3012 utrumque,
511 2956 637 3011 Apol.
685 2956 797 2999 Xen.
846 2958 901 2999 33
945 2961 983 2998 et
1032 2956 1196 2998 Phaed.
1238 2955 1349 2998 Plat.
1401 2955 1481 2997 117
1502 2954 1550 2997 Β.
1598 2954 1696 2997 Non
1744 2953 1896 3009 ignoro
