2019 3299
1032 181 1111 223 116

288 305 482 363 Uterque
514 304 699 361 scriptor
731 304 914 348 eandem
949 304 1214 348 sententiam
1248 305 1422 349 exhibet
1466 320 1551 348 non
1584 309 1730 350 autem
1764 306 1914 351 eodem

228 381 336 424 loco.
372 381 446 424 Bis
480 380 610 437 igitur
641 380 722 423 hoc
755 395 781 423 a
814 380 995 423 Socrate
1028 380 1226 423 dictum?

287 457 355 500 An
390 457 599 500 alteruter
631 456 838 499 mentitus
871 456 972 499 est‘?

288 608 349 651 De
390 608 570 652 Socrate
617 613 846 652 recusante
894 608 1134 666 quominus
1178 609 1297 652 litem
1342 609 1424 652 sibi
1467 609 1669 653 aestimet
1712 609 1798 652 iam
1832 608 1915 652 dis·

230 683 483 739 putavimus
514 684 616 738 (vid.
653 685 816 741 supra).

284 924 308 971 ξ
341 926 400 960 18.
457 924 594 961 PARS
623 924 863 970 QUARTA3
896 925 1033 970 QUAE
1063 924 1194 961 POST
1223 924 1611 961 DAMNATIONEM
1640 923 1864 960 DIXERIT.

231 1075 269 1118 A
332 1075 403 1118 De
436 1074 932 1124 adversariorum,
973 1074 1229 1124 testium,
1270 1074 1517 1117 iudicum
1550 1074 1918 1118 condemnan-

320 1149 456 1193 tium
491 1149 732 1199 iniuria;
767 1150 828 1193 de
861 1149 1250 1198 damnatione,
1291 1165 1432 1206 quae
1467 1165 1571 1192 non
1606 1149 1830 1193 Socrati

559 1225 679 1269 ¹sed
724 1225 1021 1268 iudicibus
1065 1224 1417 1281 ignominiae
1461 1230 1558 1268 est.

232 1366 360 1423 Apol.
393 1365 505 1409 Xen.
539 1365 610 1408 24.

284 1441 355 1490 ‘529
387 1442 429 1482 δὲ
460 1442 567 1489 τέλος
596 1438 696 1493 εἶχεν
723 1440 747 1492 ἡ
777 1442 868 1492 δίκη
886 1442 1009 1481 εἰπεῖν

233 1520 368 1559 αὐτόν·
412 1516 519 1568 Ἀλλ’,
561 1513 590 1557 ὦ
628 1517 786 1568 ἄνδρες,
815 1518 907 1565 τοὺς
939 1515 1009 1568 μὲν

233 1595 493 1641 διδάσκοντας
551 1594 642 1640 τοὺς
698 1594 913 1644 μάρτυρας,
958 1591 1009 1639 ὡς

232 1670 304 1722 χρὴ
346 1670 636 1721 ἐπιορκοῦντας
675 1669 1011 1719 καταψευδομαρ-

232 1750 364 1798 τυρεῖν
395 1745 507 1796 ἐμοῦ,
531 1744 596 1784 καὶ
623 1745 714 1791 τοὺς
740 1744 1011 1795 πειθομένους

232 1823 384 1868 τούτοις
411 1820 566 1873 ἀνάγκη
595 1819 671 1859 ἐστὶ
690 1820 840 1870 πολλὴν
858 1819 1011 1866 ἑαυτοῖς

232 1896 460 1937 συνειδέναι
491 1896 678 1947 ἀσέβειαν
711 1894 777 1934 καὶ
809 1894 982 1934 ἀδικίαν.

1140 1364 1271 1421 Apol.
1303 1364 1415 1408 Plat.
1449 1365 1505 1408 39
1527 1364 1574 1407 Β.

1198 1442 1264 1480 καὶ
1312 1449 1387 1481 νῦν
1435 1441 1509 1493 ἐγὼ
1556 1440 1627 1491 μὲν
1669 1441 1805 1492 ἄπειμι
1847 1439 1913 1491 ὑφ’

1141 1517 1254 1566 ὑμῶν
1285 1518 1471 1557 θανάτου
1499 1518 1615 1568 δίκην
1642 1515 1792 1568 ὀφλών,
1809 1513 1918 1557 οὗτοι

1141 1591 1176 1631 δ’
1228 1593 1306 1632 ὑπὸ
1353 1599 1421 1643 τῆς
1465 1592 1659 1643 ἀληθείας
1693 1591 1917 1644 ὠφληκότες

1142 1670 1369 1720 μοχθηρίαν
1401 1668 1465 1707 καὶ
1498 1668 1670 1707 ἀδικίαν.

1141 1742 1269 1799 Apol.
1302 1742 1413 1786 Plat.
1447 1743 1505 1786 38
1523 1742 1568 1786 C.

1199 1820 1296 1872 λέγω
1338 1819 1381 1859 δὲ
1413 1826 1527 1859 τοῦτο
1557 1820 1604 1859 οὐ
1637 1820 1734 1870 πρὸς
1768 1820 1917 1866 πάντας

1140 1895 1256 1945 ὑμᾶς,
1287 1895 1384 1934 ἀλλὰ
1415 1896 1513 1948 πρὸς
1551 1895 1642 1943 τοὺς
1674 1894 1769 1945 ἐμοῦ
1801 1911 1917 1934 κατα-

1140 1971 1454 2022 ψηφισαμένους
1491 1972 1684 2010 θάνατον.

291 2112 419 2168 Apud
468 2117 701 2169 utrumque
749 2112 1002 2169 scriptorem
1051 2116 1149 2169 post
1198 2111 1524 2155 damnationem
1563 2112 1671 2155 haec
1703 2111 1918 2156 dicuntur.

236 2187 451 2231 Differunt
492 2188 605 2231 inter
636 2204 682 2232 se
716 2188 798 2232 hac
831 2188 873 2230 in
907 2203 967 2237 re,
1002 2188 1118 2245 quod
1146 2187 1262 2244 apud
1290 2186 1632 2245 Xenophontem
1661 2203 1747 2232 non
1775 2188 1919 2231 solum

234 2263 412 2312 iudices,
460 2263 534 2320 qui
580 2263 808 2307 Socratem
856 2263 1279 2313 condemnaverunt,
1327 2263 1403 2306 sed
1440 2262 1573 2307 etiam
1606 2263 1848 2307 adversarii
1880 2267 1920 2306 et

233 2344 367 2383 testes
414 2339 619 2383 iniuriam
667 2339 826 2383 fecisse
874 2339 1088 2383 dicuntur.
1130 2339 1295 2383 Deinde
1333 2339 1538 2383 Socrates
1569 2338 1920 2396 Xenophonteus

233 2431 320 2459 non
367 2415 606 2473 separatim
655 2415 822 2458 iudices
869 2414 1134 2472 adloquitur,
1184 2415 1299 2472 quod
1360 2415 1587 2459 Socratem
1643 2414 1919 2458 Platonicum

234 2491 376 2535 facere
408 2491 634 2534 miramur.
667 2490 774 2533 Mihi
817 2490 994 2548 quidem
1027 2489 1224 2547 displicet
1259 2489 1365 2533 illud
1398 2487 1556 2531 οὗτοι.
1595 2489 1785 2541 Quinam
1819 2493 1920 2533 sunt

234 2567 294 2611 illi
330 2565 470 2621 „isti'’.
503 2566 735 2610 Antecedit
767 2566 884 2609 enim
917 2567 1029 2618 ὑμεῖς
1059 2565 1141 2619 (ὑφ’
1178 2567 1318 2619 ὑμῶν),
1349 2565 1393 2608 hi
1426 2570 1573 2609 autem
1607 2570 1708 2609 sunt
1740 2565 1918 2614 iudices,

234 2648 276 2687 et
322 2642 425 2700 quid
474 2641 557 2684 sibi
605 2641 698 2684 vult
744 2641 900 2685 deinde
947 2641 1054 2684 illud
1102 2638 1247 2683 οὗτοιῬ
1295 2640 1493 2684 Indicare
1542 2641 1713 2684 videtur
1753 2645 1919 2698 partem

235 2718 429 2762 iudicum
461 2717 534 2775 qui
568 2717 988 2767 condemnaverunt,
1021 2732 1134 2774 quae
1153 2731 1254 2773 pars
1282 2717 1521 2774 separatim
1541 2717 1717 2761 adstare
1737 2716 1920 2765 videtur,

236 2793 289 2837 cf.
321 2796 377 2838 39
397 2794 428 2837 C
448 2794 512 2843 D.‚
550 2794 614 2836 vel
647 2794 883 2851 separatim
921 2794 1095 2837 adstare
1129 2796 1343 2850 fingitur.

292 2869 417 2921 Quod
450 2874 594 2913 autem
625 2869 830 2913 Socrates
863 2869 1218 2926 Xenophonteus
1246 2868 1464 2912 iudicibus
1483 2868 1752 2926 impietatem
1776 2867 1918 2917 obicit,

236 2945 277 2988 id
325 2945 532 2989 Socrates
579 2945 834 2989 Platonicus
883 2945 942 2999 (in
992 2945 1089 3001 ipsa
1135 2944 1393 2988 defensione
1440 2946 1496 2988 35
1515 2944 1565 2999 C)
1612 2960 1698 2988 non
1746 2944 1919 3001 quidem
