<?xml version="1.0" encoding="UTF-8"?>
<!DOCTYPE html PUBLIC "-//W3C//DTD XHTML 1.0 Transitional//EN"
    "http://www.w3.org/TR/xhtml1/DTD/xhtml1-transitional.dtd">
<html xmlns="http://www.w3.org/1999/xhtml" xml:lang="en" lang="en">
 <head>
  <title>
</title>
<meta http-equiv="Content-Type" content="text/html;charset=utf-8" />
  <meta name='ocr-system' content='tesseract 3.04.00' />
  <meta name='ocr-capabilities' content='ocr_page ocr_carea ocr_par ocr_line ocrx_word'/>
</head>
<body>
  <div class='ocr_page' id='page_1' title='image "./deapologiaxenoph00vrijuoft_0051.png"; bbox 0 0 2019 3299; ppageno 0'>
   <div class='ocr_carea' id='block_1_1' title="bbox 926 167 980 210">
    <p class='ocr_par' dir='ltr' id='par_1_1' title="bbox 926 167 980 210">
     <span class='ocr_line' id='line_1_1' title="bbox 926 167 980 210; baseline 0.019 -1"><span class='ocrx_word' id='word_1_1' title='bbox 926 167 980 210; x_wconf 73' lang='lat'>27</span> 
     </span>
    </p>
   </div>
   <div class='ocr_carea' id='block_1_2' title="bbox 112 288 1795 1253">
    <p class='ocr_par' dir='ltr' id='par_1_2' title="bbox 112 288 1795 1253">
     <span class='ocr_line' id='line_1_2' title="bbox 119 288 1793 344; baseline -0.002 -13"><span class='ocrx_word' id='word_1_2' title='bbox 119 292 293 343; x_wconf 74' lang='grc' dir='ltr'><em>ἀπιέναι,</em></span> <span class='ocrx_word' id='word_1_3' title='bbox 321 293 405 343; x_wconf 78' lang='grc' dir='ltr'><em>ἐμοὶ</em></span> <span class='ocrx_word' id='word_1_4' title='bbox 437 291 507 342; x_wconf 84' lang='grc' dir='ltr'>μὲν</span> <span class='ocrx_word' id='word_1_5' title='bbox 537 292 872 344; x_wconf 79' lang='grc' dir='ltr'><em>ἀποθανουμένῳ,</em></span> <span class='ocrx_word' id='word_1_6' title='bbox 903 292 997 342; x_wconf 80' lang='grc' dir='ltr'><em>ὑμῖν</em></span> <span class='ocrx_word' id='word_1_7' title='bbox 1031 291 1072 331; x_wconf 84' lang='grc' dir='ltr'>ὁὲ</span> <span class='ocrx_word' id='word_1_8' title='bbox 1104 288 1387 343; x_wconf 71' lang='grc' dir='ltr'>βιωσομένοις·Δ</span> <span class='ocrx_word' id='word_1_9' title='bbox 1406 291 1586 342; x_wconf 81' lang='grc' dir='ltr'><em>ὁπότεροι</em></span> <span class='ocrx_word' id='word_1_10' title='bbox 1613 289 1654 329; x_wconf 81' lang='grc' dir='ltr'>δὲ</span> <span class='ocrx_word' id='word_1_11' title='bbox 1680 289 1793 341; x_wconf 81' lang='grc' dir='ltr'><em>ἡμῶν</em></span> 
     </span>
     <span class='ocr_line' id='line_1_3' title="bbox 118 366 1515 420; baseline -0.001 -14"><span class='ocrx_word' id='word_1_12' title='bbox 118 367 296 418; x_wconf 76' lang='grc' dir='ltr'><em>ἔρχονται</em></span> <span class='ocrx_word' id='word_1_13' title='bbox 326 367 388 406; x_wconf 76' lang='grc' dir='ltr'>ἐπὶ</span> <span class='ocrx_word' id='word_1_14' title='bbox 419 367 583 418; x_wconf 70' lang='grc' dir='ltr'><em>ἄμεινον</em></span> <span class='ocrx_word' id='word_1_15' title='bbox 613 374 788 420; x_wconf 78' lang='grc' dir='ltr'><em>πρᾶγμα,</em></span> <span class='ocrx_word' id='word_1_16' title='bbox 818 367 967 418; x_wconf 77' lang='grc' dir='ltr'><em>ἄδηλον</em></span> <span class='ocrx_word' id='word_1_17' title='bbox 1000 366 1117 406; x_wconf 80' lang='grc' dir='ltr'><em>παντὶ</em></span> <span class='ocrx_word' id='word_1_18' title='bbox 1148 367 1251 417; x_wconf 83' lang='grc' dir='ltr'><em>πλὴν</em></span> <span class='ocrx_word' id='word_1_19' title='bbox 1283 366 1307 418; x_wconf 77' lang='grc' dir='ltr'>ἢ</span> <span class='ocrx_word' id='word_1_20' title='bbox 1339 375 1388 420; x_wconf 80' lang='grc' dir='ltr'>τῷ</span> <span class='ocrx_word' id='word_1_21' title='bbox 1421 371 1515 420; x_wconf 83' lang='grc' dir='ltr'><em>θεῷ.</em></span> 
     </span>
     <span class='ocr_line' id='line_1_4' title="bbox 179 435 1794 485; baseline -0.002 0"><span class='ocrx_word' id='word_1_22' title='bbox 179 440 460 485; x_wconf 85' lang='lat' dir='ltr'>Sollemniter</span> <span class='ocrx_word' id='word_1_23' title='bbox 505 441 575 485; x_wconf 92' lang='lat' dir='ltr'>hic</span> <span class='ocrx_word' id='word_1_24' title='bbox 621 441 757 485; x_wconf 86' lang='lat' dir='ltr'>oratio</span> <span class='ocrx_word' id='word_1_25' title='bbox 804 441 967 484; x_wconf 88' lang='lat' dir='ltr'>finitur.</span> <span class='ocrx_word' id='word_1_26' title='bbox 1016 440 1219 484; x_wconf 80' lang='lat' dir='ltr'>Socrates</span> <span class='ocrx_word' id='word_1_27' title='bbox 1260 441 1349 483; x_wconf 89' lang='lat' dir='ltr'>abit</span> <span class='ocrx_word' id='word_1_28' title='bbox 1391 455 1476 483; x_wconf 93' lang='lat' dir='ltr'>non</span> <span class='ocrx_word' id='word_1_29' title='bbox 1510 435 1794 482; x_wconf 87' lang='lat' dir='ltr'>contemnens</span> 
     </span>
     <span class='ocr_line' id='line_1_5' title="bbox 117 513 1791 573; baseline -0.002 -14"><span class='ocrx_word' id='word_1_30' title='bbox 117 516 315 560; x_wconf 90' lang='lat' dir='ltr'>inimicos</span> <span class='ocrx_word' id='word_1_31' title='bbox 356 520 397 559; x_wconf 86' lang='lat' dir='ltr'>et</span> <span class='ocrx_word' id='word_1_32' title='bbox 438 516 600 560; x_wconf 91' lang='lat' dir='ltr'>iudices</span> <span class='ocrx_word' id='word_1_33' title='bbox 642 516 892 573; x_wconf 77' lang='lat' dir='ltr'>superbiam</span> <span class='ocrx_word' id='word_1_34' title='bbox 936 531 1038 573; x_wconf 90' lang='lat' dir='ltr'>prae</span> <span class='ocrx_word' id='word_1_35' title='bbox 1081 531 1127 558; x_wconf 93' lang='lat' dir='ltr'>se</span> <span class='ocrx_word' id='word_1_36' title='bbox 1159 515 1316 565; x_wconf 89' lang='lat' dir='ltr'>ferens,</span> <span class='ocrx_word' id='word_1_37' title='bbox 1350 516 1425 558; x_wconf 92' lang='lat' dir='ltr'>sed</span> <span class='ocrx_word' id='word_1_38' title='bbox 1458 513 1584 571; x_wconf 85' lang='lat' dir='ltr'>quasi</span> <span class='ocrx_word' id='word_1_39' title='bbox 1615 513 1791 571; x_wconf 84' lang='lat' dir='ltr'>quidam</span> 
     </span>
     <span class='ocr_line' id='line_1_6' title="bbox 117 589 1792 648; baseline -0.003 -12"><span class='ocrx_word' id='word_1_40' title='bbox 117 593 296 636; x_wconf 89' lang='lat' dir='ltr'>deorum</span> <span class='ocrx_word' id='word_1_41' title='bbox 341 591 540 635; x_wconf 82' lang='lat' dir='ltr'><strong>minister</strong></span> <span class='ocrx_word' id='word_1_42' title='bbox 581 591 654 648; x_wconf 86' lang='lat' dir='ltr'>qui</span> <span class='ocrx_word' id='word_1_43' title='bbox 696 592 872 636; x_wconf 90' lang='lat' dir='ltr'>iamiam</span> <span class='ocrx_word' id='word_1_44' title='bbox 917 592 1078 635; x_wconf 86' lang='lat' dir='ltr'>divinis</span> <span class='ocrx_word' id='word_1_45' title='bbox 1121 590 1373 646; x_wconf 81' lang='lat' dir='ltr'>regionibus</span> <span class='ocrx_word' id='word_1_46' title='bbox 1415 589 1666 645; x_wconf 88' lang='lat' dir='ltr'>recipietur;</span> <span class='ocrx_word' id='word_1_47' title='bbox 1701 593 1792 631; x_wconf 89' lang='lat' dir='ltr'>tan-</span> 
     </span>
     <span class='ocr_line' id='line_1_7' title="bbox 115 664 1792 725; baseline -0.003 -14"><span class='ocrx_word' id='word_1_48' title='bbox 115 682 245 725; x_wconf 89' lang='lat' dir='ltr'>quam</span> <span class='ocrx_word' id='word_1_49' title='bbox 292 667 461 711; x_wconf 90' lang='lat' dir='ltr'>amicus</span> <span class='ocrx_word' id='word_1_50' title='bbox 509 667 704 717; x_wconf 79' lang='lat' dir='ltr'>discedit,</span> <span class='ocrx_word' id='word_1_51' title='bbox 753 668 794 710; x_wconf 93' lang='lat' dir='ltr'>in</span> <span class='ocrx_word' id='word_1_52' title='bbox 838 683 924 725; x_wconf 90' lang='lat' dir='ltr'>quo</span> <span class='ocrx_word' id='word_1_53' title='bbox 968 667 1090 710; x_wconf 88' lang='lat' dir='ltr'>nulla</span> <span class='ocrx_word' id='word_1_54' title='bbox 1133 667 1197 709; x_wconf 91' lang='lat' dir='ltr'>ira</span> <span class='ocrx_word' id='word_1_55' title='bbox 1241 667 1365 712; x_wconf 89' lang='lat' dir='ltr'>inest,</span> <span class='ocrx_word' id='word_1_56' title='bbox 1410 665 1531 708; x_wconf 91' lang='lat' dir='ltr'>nulla</span> <span class='ocrx_word' id='word_1_57' title='bbox 1572 664 1792 720; x_wconf 89' lang='lat' dir='ltr'>superbia.</span> 
     </span>
     <span class='ocr_line' id='line_1_8' title="bbox 116 740 1792 799; baseline -0.002 -14"><span class='ocrx_word' id='word_1_58' title='bbox 116 742 246 787; x_wconf 92' lang='lat' dir='ltr'>Omni</span> <span class='ocrx_word' id='word_1_59' title='bbox 276 741 628 786; x_wconf 79' lang='lat' dir='ltr'>dissimulatione</span> <span class='ocrx_word' id='word_1_60' title='bbox 660 747 830 786; x_wconf 90' lang='lat' dir='ltr'>remota</span> <span class='ocrx_word' id='word_1_61' title='bbox 861 758 999 799; x_wconf 90' lang='lat' dir='ltr'>usque</span> <span class='ocrx_word' id='word_1_62' title='bbox 1032 742 1086 786; x_wconf 91' lang='lat' dir='ltr'>ad</span> <span class='ocrx_word' id='word_1_63' title='bbox 1113 742 1244 784; x_wconf 88' lang='lat' dir='ltr'>finem</span> <span class='ocrx_word' id='word_1_64' title='bbox 1278 746 1426 798; x_wconf 87' lang='lat' dir='ltr'>aperte</span> <span class='ocrx_word' id='word_1_65' title='bbox 1454 740 1591 797; x_wconf 81' lang='lat' dir='ltr'>pergit</span> <span class='ocrx_word' id='word_1_66' title='bbox 1619 754 1792 796; x_wconf 89' lang='lat' dir='ltr'>persua-</span> 
     </span>
     <span class='ocr_line' id='line_1_9' title="bbox 115 815 1791 873; baseline -0.003 -12"><span class='ocrx_word' id='word_1_67' title='bbox 115 818 214 873; x_wconf 83' lang='lat' dir='ltr'>dere</span> <span class='ocrx_word' id='word_1_68' title='bbox 247 818 498 861; x_wconf 91' lang='lat' dir='ltr'>hominibus</span> <span class='ocrx_word' id='word_1_69' title='bbox 531 834 616 861; x_wconf 93' lang='lat' dir='ltr'>non</span> <span class='ocrx_word' id='word_1_70' title='bbox 651 833 777 862; x_wconf 91' lang='lat' dir='ltr'>suam</span> <span class='ocrx_word' id='word_1_71' title='bbox 813 818 927 861; x_wconf 90' lang='lat' dir='ltr'>vitae</span> <span class='ocrx_word' id='word_1_72' title='bbox 959 817 1251 861; x_wconf 91' lang='lat' dir='ltr'>conditionem</span> <span class='ocrx_word' id='word_1_73' title='bbox 1280 815 1575 860; x_wconf 82' lang='lat' dir='ltr'>miserabilem</span> <span class='ocrx_word' id='word_1_74' title='bbox 1604 830 1700 858; x_wconf 91' lang='lat' dir='ltr'>esse</span> <span class='ocrx_word' id='word_1_75' title='bbox 1718 815 1791 857; x_wconf 90' lang='lat' dir='ltr'>sed</span> 
     </span>
     <span class='ocr_line' id='line_1_10' title="bbox 116 891 1791 950; baseline -0.001 -14"><span class='ocrx_word' id='word_1_76' title='bbox 116 893 302 941; x_wconf 84' lang='lat' dir='ltr'>illorum,</span> <span class='ocrx_word' id='word_1_77' title='bbox 346 893 503 937; x_wconf 93' lang='lat' dir='ltr'>melius</span> <span class='ocrx_word' id='word_1_78' title='bbox 545 898 691 937; x_wconf 84' lang='lat' dir='ltr'>autem</span> <span class='ocrx_word' id='word_1_79' title='bbox 726 909 826 937; x_wconf 91' lang='lat' dir='ltr'>esse</span> <span class='ocrx_word' id='word_1_80' title='bbox 860 893 1004 937; x_wconf 90' lang='lat' dir='ltr'>vivere</span> <span class='ocrx_word' id='word_1_81' title='bbox 1033 893 1095 936; x_wconf 90' lang='lat' dir='ltr'>sic</span> <span class='ocrx_word' id='word_1_82' title='bbox 1127 897 1173 936; x_wconf 92' lang='lat' dir='ltr'>ut</span> <span class='ocrx_word' id='word_1_83' title='bbox 1206 893 1299 950; x_wconf 92' lang='lat' dir='ltr'>ipse</span> <span class='ocrx_word' id='word_1_84' title='bbox 1334 891 1499 935; x_wconf 86' lang='lat' dir='ltr'>vixerat</span> <span class='ocrx_word' id='word_1_85' title='bbox 1532 897 1571 934; x_wconf 93' lang='lat' dir='ltr'>et</span> <span class='ocrx_word' id='word_1_86' title='bbox 1604 896 1791 935; x_wconf 87' lang='lat' dir='ltr'>aetatem</span> 
     </span>
     <span class='ocr_line' id='line_1_11' title="bbox 113 967 1795 1027; baseline -0.002 -15"><span class='ocrx_word' id='word_1_87' title='bbox 113 973 273 1025; x_wconf 86' lang='lat' dir='ltr'>egerat,</span> <span class='ocrx_word' id='word_1_88' title='bbox 321 984 460 1026; x_wconf 90' lang='lat' dir='ltr'>neque</span> <span class='ocrx_word' id='word_1_89' title='bbox 506 969 697 1027; x_wconf 89' lang='lat' dir='ltr'>superba</span> <span class='ocrx_word' id='word_1_90' title='bbox 743 969 972 1012; x_wconf 79' lang='lat' dir='ltr'>iracundia</span> <span class='ocrx_word' id='word_1_91' title='bbox 1014 974 1273 1019; x_wconf 88' lang='lat' dir='ltr'>commotus,</span> <span class='ocrx_word' id='word_1_92' title='bbox 1318 983 1468 1011; x_wconf 90' lang='lat' dir='ltr'>verum</span> <span class='ocrx_word' id='word_1_93' title='bbox 1511 967 1660 1010; x_wconf 89' lang='lat' dir='ltr'>divina</span> <span class='ocrx_word' id='word_1_94' title='bbox 1692 982 1795 1023; x_wconf 84' lang='lat' dir='ltr'>erga</span> 
     </span>
     <span class='ocr_line' id='line_1_12' title="bbox 112 1043 1794 1101; baseline -0.002 -13"><span class='ocrx_word' id='word_1_95' title='bbox 112 1044 312 1088; x_wconf 91' lang='lat' dir='ltr'>homines</span> <span class='ocrx_word' id='word_1_96' title='bbox 344 1045 518 1101; x_wconf 90' lang='lat' dir='ltr'>pietate.</span> <span class='ocrx_word' id='word_1_97' title='bbox 552 1045 783 1089; x_wconf 81' lang='lat' dir='ltr'>Discedere</span> <span class='ocrx_word' id='word_1_98' title='bbox 816 1061 915 1088; x_wconf 90' lang='lat' dir='ltr'>eum</span> <span class='ocrx_word' id='word_1_99' title='bbox 951 1061 972 1088; x_wconf 90' lang='lat' dir='ltr'>e</span> <span class='ocrx_word' id='word_1_100' title='bbox 1008 1045 1096 1088; x_wconf 91' lang='lat' dir='ltr'>vita</span> <span class='ocrx_word' id='word_1_101' title='bbox 1130 1060 1308 1088; x_wconf 86' lang='lat' dir='ltr'>necesse</span> <span class='ocrx_word' id='word_1_102' title='bbox 1336 1048 1414 1087; x_wconf 88' lang='lat' dir='ltr'>est.</span> <span class='ocrx_word' id='word_1_103' title='bbox 1445 1043 1540 1086; x_wconf 88' lang='lat' dir='ltr'>Hoc</span> <span class='ocrx_word' id='word_1_104' title='bbox 1558 1043 1643 1086; x_wconf 91' lang='lat' dir='ltr'>iam</span> <span class='ocrx_word' id='word_1_105' title='bbox 1663 1048 1794 1086; x_wconf 84' lang='lat' dir='ltr'>antea</span> 
     </span>
     <span class='ocr_line' id='line_1_13' title="bbox 113 1118 1793 1177; baseline -0.002 -14"><span class='ocrx_word' id='word_1_106' title='bbox 113 1120 338 1163; x_wconf 79' lang='lat' dir='ltr'>intellexit.</span> <span class='ocrx_word' id='word_1_107' title='bbox 369 1120 524 1177; x_wconf 88' lang='lat' dir='ltr'>Aequo</span> <span class='ocrx_word' id='word_1_108' title='bbox 556 1120 704 1164; x_wconf 91' lang='lat' dir='ltr'>animo</span> <span class='ocrx_word' id='word_1_109' title='bbox 739 1120 996 1164; x_wconf 85' lang='lat' dir='ltr'>necessitati</span> <span class='ocrx_word' id='word_1_110' title='bbox 1030 1126 1166 1177; x_wconf 79' lang='lat' dir='ltr'>paiet.</span> <span class='ocrx_word' id='word_1_111' title='bbox 1197 1120 1402 1177; x_wconf 83' lang='lat' dir='ltr'>quoniam</span> <span class='ocrx_word' id='word_1_112' title='bbox 1432 1119 1618 1162; x_wconf 80' lang='lat' dir='ltr'>densita</span> <span class='ocrx_word' id='word_1_113' title='bbox 1644 1118 1793 1161; x_wconf 87' lang='lat' dir='ltr'>voluit.</span> 
     </span>
     <span class='ocr_line' id='line_1_14' title="bbox 115 1194 1793 1253; baseline -0.002 -14"><span class='ocrx_word' id='word_1_114' title='bbox 115 1195 336 1239; x_wconf 91' lang='lat' dir='ltr'>Iudicibus</span> <span class='ocrx_word' id='word_1_115' title='bbox 369 1201 408 1240; x_wconf 93' lang='lat' dir='ltr'>et</span> <span class='ocrx_word' id='word_1_116' title='bbox 441 1196 631 1240; x_wconf 91' lang='lat' dir='ltr'>inimicis</span> <span class='ocrx_word' id='word_1_117' title='bbox 665 1212 750 1240; x_wconf 94' lang='lat' dir='ltr'>non</span> <span class='ocrx_word' id='word_1_118' title='bbox 786 1202 1042 1246; x_wconf 87' lang='lat' dir='ltr'>suscenset;</span> <span class='ocrx_word' id='word_1_119' title='bbox 1079 1197 1281 1253; x_wconf 83' lang='lat' dir='ltr'>ignorant</span> <span class='ocrx_word' id='word_1_120' title='bbox 1315 1195 1430 1239; x_wconf 90' lang='lat' dir='ltr'>enim</span> <span class='ocrx_word' id='word_1_121' title='bbox 1458 1210 1570 1252; x_wconf 87' lang='lat' dir='ltr'>quae</span> <span class='ocrx_word' id='word_1_122' title='bbox 1598 1194 1793 1238; x_wconf 83' lang='lat' dir='ltr'>fecerint.</span> 
     </span>
    </p>
   </div>
   <div class='ocr_carea' id='block_1_3' title="bbox 298 1385 1621 1434">
    <p class='ocr_par' dir='ltr' id='par_1_3' title="bbox 298 1385 1621 1434">
     <span class='ocr_line' id='line_1_15' title="bbox 298 1385 1621 1434; baseline -0.002 -12"><span class='ocrx_word' id='word_1_123' title='bbox 298 1386 323 1434; x_wconf 65' lang='grc' dir='ltr'>ξ</span> <span class='ocrx_word' id='word_1_124' title='bbox 353 1387 389 1422; x_wconf 91' lang='grc'>8.</span> <span class='ocrx_word' id='word_1_125' title='bbox 446 1386 509 1422; x_wconf 88' lang='lat' dir='ltr'>DE</span> <span class='ocrx_word' id='word_1_126' title='bbox 539 1386 778 1423; x_wconf 83' lang='lat' dir='ltr'>PLATONE</span> <span class='ocrx_word' id='word_1_127' title='bbox 806 1386 1083 1423; x_wconf 81' lang='lat' dir='ltr'><strong>SOCRATEM</strong></span> <span class='ocrx_word' id='word_1_128' title='bbox 1111 1386 1255 1423; x_wconf 86' lang='lat' dir='ltr'>SUUM</span> <span class='ocrx_word' id='word_1_129' title='bbox 1285 1385 1621 1422; x_wconf 85' lang='lat' dir='ltr'>EXPOLIENTE.</span> 
     </span>
    </p>
   </div>
   <div class='ocr_carea' id='block_1_4' title="bbox 101 1503 1794 2997">
    <p class='ocr_par' dir='ltr' id='par_1_4' title="bbox 112 1503 1794 1701">
     <span class='ocr_line' id='line_1_16' title="bbox 171 1503 1794 1562; baseline -0.002 -14"><span class='ocrx_word' id='word_1_130' title='bbox 171 1505 284 1548; x_wconf 86' lang='lat' dir='ltr'>Ante</span> <span class='ocrx_word' id='word_1_131' title='bbox 316 1520 447 1562; x_wconf 84' lang='lat' dir='ltr'>quam</span> <span class='ocrx_word' id='word_1_132' title='bbox 483 1505 583 1548; x_wconf 91' lang='lat' dir='ltr'>huic</span> <span class='ocrx_word' id='word_1_133' title='bbox 612 1504 897 1562; x_wconf 77' lang='lat' dir='ltr'>disputationi</span> <span class='ocrx_word' id='word_1_134' title='bbox 924 1505 1056 1548; x_wconf 88' lang='lat' dir='ltr'>finem</span> <span class='ocrx_word' id='word_1_135' title='bbox 1084 1505 1308 1562; x_wconf 78' lang='lat' dir='ltr'>imponam</span> <span class='ocrx_word' id='word_1_136' title='bbox 1336 1519 1477 1561; x_wconf 88' lang='lat' dir='ltr'>pauca</span> <span class='ocrx_word' id='word_1_137' title='bbox 1504 1503 1610 1546; x_wconf 89' lang='lat' dir='ltr'>mihi</span> <span class='ocrx_word' id='word_1_138' title='bbox 1628 1507 1794 1546; x_wconf 88' lang='lat' dir='ltr'>restant</span> 
     </span>
     <span class='ocr_line' id='line_1_17' title="bbox 112 1578 1794 1638; baseline -0.002 -14"><span class='ocrx_word' id='word_1_139' title='bbox 112 1596 223 1638; x_wconf 88' lang='lat' dir='ltr'>quae</span> <span class='ocrx_word' id='word_1_140' title='bbox 270 1581 321 1624; x_wconf 94' lang='lat' dir='ltr'>de</span> <span class='ocrx_word' id='word_1_141' title='bbox 367 1580 551 1624; x_wconf 88' lang='lat' dir='ltr'>Platone</span> <span class='ocrx_word' id='word_1_142' title='bbox 598 1581 824 1625; x_wconf 86' lang='lat' dir='ltr'>Socratem</span> <span class='ocrx_word' id='word_1_143' title='bbox 873 1581 1119 1638; x_wconf 87' lang='lat' dir='ltr'>expoliente</span> <span class='ocrx_word' id='word_1_144' title='bbox 1161 1581 1300 1637; x_wconf 90' lang='lat' dir='ltr'>deque</span> <span class='ocrx_word' id='word_1_145' title='bbox 1346 1579 1559 1624; x_wconf 86' lang='lat' dir='ltr'>Platonici</span> <span class='ocrx_word' id='word_1_146' title='bbox 1601 1578 1794 1623; x_wconf 88' lang='lat' dir='ltr'>Socratis</span> 
     </span>
     <span class='ocr_line' id='line_1_18' title="bbox 112 1656 806 1701; baseline -0.001 -1"><span class='ocrx_word' id='word_1_147' title='bbox 112 1656 362 1701; x_wconf 87' lang='lat' dir='ltr'>urbanitate</span> <span class='ocrx_word' id='word_1_148' title='bbox 393 1657 629 1701; x_wconf 88' lang='lat' dir='ltr'>observare</span> <span class='ocrx_word' id='word_1_149' title='bbox 662 1656 806 1700; x_wconf 90' lang='lat' dir='ltr'>velim.</span> 
     </span>
    </p>

    <p class='ocr_par' dir='ltr' id='par_1_5' title="bbox 107 1731 1793 2390">
     <span class='ocr_line' id='line_1_19' title="bbox 170 1731 1793 1776; baseline -0.001 0"><span class='ocrx_word' id='word_1_150' title='bbox 170 1732 293 1776; x_wconf 87' lang='lat' dir='ltr'>Plato</span> <span class='ocrx_word' id='word_1_151' title='bbox 336 1733 466 1776; x_wconf 90' lang='lat' dir='ltr'>homo</span> <span class='ocrx_word' id='word_1_152' title='bbox 509 1737 602 1776; x_wconf 86' lang='lat' dir='ltr'>erat</span> <span class='ocrx_word' id='word_1_153' title='bbox 644 1748 816 1776; x_wconf 91' lang='lat' dir='ltr'>summo</span> <span class='ocrx_word' id='word_1_154' title='bbox 859 1733 954 1776; x_wconf 92' lang='lat' dir='ltr'>loco</span> <span class='ocrx_word' id='word_1_155' title='bbox 999 1737 1130 1776; x_wconf 92' lang='lat' dir='ltr'>natus</span> <span class='ocrx_word' id='word_1_156' title='bbox 1172 1737 1213 1775; x_wconf 91' lang='lat' dir='ltr'>et</span> <span class='ocrx_word' id='word_1_157' title='bbox 1257 1731 1432 1775; x_wconf 89' lang='lat' dir='ltr'>vivendi</span> <span class='ocrx_word' id='word_1_158' title='bbox 1473 1731 1567 1775; x_wconf 92' lang='lat' dir='ltr'>eius</span> <span class='ocrx_word' id='word_1_159' title='bbox 1609 1731 1720 1774; x_wconf 85' lang='lat' dir='ltr'>ratio</span> <span class='ocrx_word' id='word_1_160' title='bbox 1752 1735 1793 1774; x_wconf 90' lang='lat' dir='ltr'>et</span> 
     </span>
     <span class='ocr_line' id='line_1_20' title="bbox 111 1806 1793 1864; baseline -0.001 -13"><span class='ocrx_word' id='word_1_161' title='bbox 111 1807 226 1852; x_wconf 87' lang='lat' dir='ltr'>vitae</span> <span class='ocrx_word' id='word_1_162' title='bbox 272 1808 491 1852; x_wconf 90' lang='lat' dir='ltr'>institutio</span> <span class='ocrx_word' id='word_1_163' title='bbox 537 1824 562 1852; x_wconf 89' lang='lat' dir='ltr'>a</span> <span class='ocrx_word' id='word_1_164' title='bbox 610 1808 835 1852; x_wconf 87' lang='lat' dir='ltr'>Socratica</span> <span class='ocrx_word' id='word_1_165' title='bbox 881 1808 1009 1864; x_wconf 84' lang='lat' dir='ltr'>longe</span> <span class='ocrx_word' id='word_1_166' title='bbox 1052 1808 1293 1851; x_wconf 83' lang='lat' dir='ltr'>differebat.</span> <span class='ocrx_word' id='word_1_167' title='bbox 1342 1807 1460 1850; x_wconf 88' lang='lat' dir='ltr'>Nota</span> <span class='ocrx_word' id='word_1_168' title='bbox 1492 1807 1567 1850; x_wconf 90' lang='lat' dir='ltr'>illa</span> <span class='ocrx_word' id='word_1_169' title='bbox 1599 1806 1793 1850; x_wconf 84' lang='lat' dir='ltr'>Socratis</span> 
     </span>
     <span class='ocr_line' id='line_1_21' title="bbox 109 1883 1792 1941; baseline -0.001 -15"><span class='ocrx_word' id='word_1_170' title='bbox 109 1883 249 1926; x_wconf 86' lang='lat' dir='ltr'>victus</span> <span class='ocrx_word' id='word_1_171' title='bbox 282 1889 412 1941; x_wconf 83' lang='lat' dir='ltr'>atque</span> <span class='ocrx_word' id='word_1_172' title='bbox 444 1884 585 1927; x_wconf 87' lang='lat' dir='ltr'>cultus</span> <span class='ocrx_word' id='word_1_173' title='bbox 608 1883 892 1941; x_wconf 83' lang='lat' dir='ltr'>parsimonia,</span> <span class='ocrx_word' id='word_1_174' title='bbox 911 1899 1177 1941; x_wconf 83' lang='lat' dir='ltr'>quamquam</span> <span class='ocrx_word' id='word_1_175' title='bbox 1198 1898 1371 1927; x_wconf 90' lang='lat' dir='ltr'>summa</span> <span class='ocrx_word' id='word_1_176' title='bbox 1388 1887 1644 1939; x_wconf 86' lang='lat' dir='ltr'>paupertate</span> <span class='ocrx_word' id='word_1_177' title='bbox 1662 1886 1792 1939; x_wconf 84' lang='lat' dir='ltr'>atque</span> 
     </span>
     <span class='ocr_line' id='line_1_22' title="bbox 110 1957 1792 2016; baseline 0 -15"><span class='ocrx_word' id='word_1_178' title='bbox 110 1958 258 2016; x_wconf 90' lang='lat' dir='ltr'>inopia</span> <span class='ocrx_word' id='word_1_179' title='bbox 303 1960 582 2016; x_wconf 84' lang='lat' dir='ltr'>premebatur</span> <span class='ocrx_word' id='word_1_180' title='bbox 625 1986 674 1991; x_wconf 84' lang='lat'>—</span> <span class='ocrx_word' id='word_1_181' title='bbox 719 1963 834 2015; x_wconf 72' lang='grc' dir='ltr'><em>πενίᾳ</em></span> <span class='ocrx_word' id='word_1_182' title='bbox 869 1962 989 2015; x_wconf 73' lang='grc' dir='ltr'><em>μυρίᾳ</em></span> <span class='ocrx_word' id='word_1_183' title='bbox 1027 1986 1093 2009; x_wconf 91' lang='lat'>——‚</span> <span class='ocrx_word' id='word_1_184' title='bbox 1129 1974 1215 2002; x_wconf 93' lang='lat' dir='ltr'>non</span> <span class='ocrx_word' id='word_1_185' title='bbox 1265 1959 1411 2002; x_wconf 77' lang='lat' dir='ltr'>aliena</span> <span class='ocrx_word' id='word_1_186' title='bbox 1457 1963 1548 2002; x_wconf 84' lang='lat' dir='ltr'>erat</span> <span class='ocrx_word' id='word_1_187' title='bbox 1596 1958 1650 2001; x_wconf 88' lang='lat' dir='ltr'>ab</span> <span class='ocrx_word' id='word_1_188' title='bbox 1697 1957 1792 2001; x_wconf 86' lang='lat' dir='ltr'>eius</span> 
     </span>
     <span class='ocr_line' id='line_1_23' title="bbox 109 2032 1792 2093; baseline -0.001 -16"><span class='ocrx_word' id='word_1_189' title='bbox 109 2034 391 2092; x_wconf 86' lang='lat' dir='ltr'>philosophia</span> <span class='ocrx_word' id='word_1_190' title='bbox 432 2039 563 2093; x_wconf 89' lang='lat' dir='ltr'>atque</span> <span class='ocrx_word' id='word_1_191' title='bbox 610 2035 821 2085; x_wconf 89' lang='lat' dir='ltr'>doctrina,</span> <span class='ocrx_word' id='word_1_192' title='bbox 870 2035 1002 2078; x_wconf 88' lang='lat' dir='ltr'>immo</span> <span class='ocrx_word' id='word_1_193' title='bbox 1044 2039 1136 2079; x_wconf 89' lang='lat' dir='ltr'>arte</span> <span class='ocrx_word' id='word_1_194' title='bbox 1169 2050 1267 2078; x_wconf 89' lang='lat' dir='ltr'>cum</span> <span class='ocrx_word' id='word_1_195' title='bbox 1301 2049 1353 2078; x_wconf 89' lang='lat' dir='ltr'>ea</span> <span class='ocrx_word' id='word_1_196' title='bbox 1385 2034 1630 2077; x_wconf 88' lang='lat' dir='ltr'>coniuncta.</span> <span class='ocrx_word' id='word_1_197' title='bbox 1669 2032 1792 2077; x_wconf 91' lang='lat' dir='ltr'>Talis</span> 
     </span>
     <span class='ocr_line' id='line_1_24' title="bbox 110 2108 1792 2167; baseline -0.001 -15"><span class='ocrx_word' id='word_1_198' title='bbox 110 2109 199 2153; x_wconf 90' lang='lat' dir='ltr'>vita</span> <span class='ocrx_word' id='word_1_199' title='bbox 244 2111 282 2153; x_wconf 89' lang='lat' dir='ltr'>ei</span> <span class='ocrx_word' id='word_1_200' title='bbox 330 2110 544 2167; x_wconf 87' lang='lat' dir='ltr'>placebat,</span> <span class='ocrx_word' id='word_1_201' title='bbox 587 2111 806 2154; x_wconf 88' lang='lat' dir='ltr'>sententia</span> <span class='ocrx_word' id='word_1_202' title='bbox 846 2110 940 2154; x_wconf 93' lang='lat' dir='ltr'>eius</span> <span class='ocrx_word' id='word_1_203' title='bbox 984 2115 1075 2154; x_wconf 89' lang='lat' dir='ltr'>erat</span> <span class='ocrx_word' id='word_1_204' title='bbox 1118 2110 1176 2154; x_wconf 88' lang='lat' dir='ltr'>ita</span> <span class='ocrx_word' id='word_1_205' title='bbox 1221 2110 1382 2167; x_wconf 91' lang='lat' dir='ltr'>optime</span> <span class='ocrx_word' id='word_1_206' title='bbox 1418 2109 1562 2152; x_wconf 83' lang='lat' dir='ltr'>vivere</span> <span class='ocrx_word' id='word_1_207' title='bbox 1591 2108 1792 2152; x_wconf 88' lang='lat' dir='ltr'>homines</span> 
     </span>
     <span class='ocr_line' id='line_1_25' title="bbox 107 2184 1789 2243; baseline -0.004 -11"><span class='ocrx_word' id='word_1_208' title='bbox 107 2184 174 2232; x_wconf 76' lang='lat' dir='ltr'>(cf.</span> <span class='ocrx_word' id='word_1_209' title='bbox 210 2185 339 2229; x_wconf 90' lang='lat' dir='ltr'>Mem.</span> <span class='ocrx_word' id='word_1_210' title='bbox 374 2186 406 2229; x_wconf 92' lang='grc' dir='ltr'>Ι.</span> <span class='ocrx_word' id='word_1_211' title='bbox 440 2188 480 2230; x_wconf 86' lang='grc'>6.</span> <span class='ocrx_word' id='word_1_212' title='bbox 514 2186 627 2230; x_wconf 91' lang='lat' dir='ltr'>Xen.</span> <span class='ocrx_word' id='word_1_213' title='bbox 661 2186 790 2243; x_wconf 90' lang='lat' dir='ltr'>Apol.</span> <span class='ocrx_word' id='word_1_214' title='bbox 825 2187 879 2230; x_wconf 83' lang='lat'>18</span> <span class='ocrx_word' id='word_1_215' title='bbox 912 2191 951 2230; x_wconf 89' lang='lat' dir='ltr'>et</span> <span class='ocrx_word' id='word_1_216' title='bbox 986 2185 1190 2243; x_wconf 83' lang='lat' dir='ltr'>permulti</span> <span class='ocrx_word' id='word_1_217' title='bbox 1218 2185 1292 2230; x_wconf 89' lang='lat' dir='ltr'>alii</span> <span class='ocrx_word' id='word_1_218' title='bbox 1320 2185 1402 2228; x_wconf 87' lang='lat' dir='ltr'>loci</span> <span class='ocrx_word' id='word_1_219' title='bbox 1429 2185 1544 2242; x_wconf 87' lang='lat' dir='ltr'>apud</span> <span class='ocrx_word' id='word_1_220' title='bbox 1563 2184 1789 2228; x_wconf 87' lang='lat' dir='ltr'>Platonem</span> 
     </span>
     <span class='ocr_line' id='line_1_26' title="bbox 107 2259 1790 2319; baseline -0.001 -15"><span class='ocrx_word' id='word_1_221' title='bbox 107 2261 181 2304; x_wconf 91' lang='lat' dir='ltr'>ubi</span> <span class='ocrx_word' id='word_1_222' title='bbox 224 2278 323 2305; x_wconf 85' lang='lat' dir='ltr'>cum</span> <span class='ocrx_word' id='word_1_223' title='bbox 366 2267 620 2319; x_wconf 88' lang='lat' dir='ltr'>contemptu</span> <span class='ocrx_word' id='word_1_224' title='bbox 663 2262 856 2319; x_wconf 84' lang='lat' dir='ltr'>loquitur</span> <span class='ocrx_word' id='word_1_225' title='bbox 897 2262 948 2305; x_wconf 93' lang='lat' dir='ltr'>de</span> <span class='ocrx_word' id='word_1_226' title='bbox 991 2261 1192 2318; x_wconf 86' lang='lat' dir='ltr'>pecunia.</span> <span class='ocrx_word' id='word_1_227' title='bbox 1234 2261 1326 2304; x_wconf 90' lang='lat' dir='ltr'>Alc.</span> <span class='ocrx_word' id='word_1_228' title='bbox 1371 2260 1597 2310; x_wconf 83' lang='lat' dir='ltr'>131B.C.‚</span> <span class='ocrx_word' id='word_1_229' title='bbox 1645 2260 1726 2303; x_wconf 73' lang='lat'>132</span> <span class='ocrx_word' id='word_1_230' title='bbox 1744 2259 1790 2307; x_wconf 87' lang='lat' dir='ltr'>C,</span> 
     </span>
     <span class='ocr_line' id='line_1_27' title="bbox 114 2336 416 2390; baseline 0.003 -11"><span class='ocrx_word' id='word_1_231' title='bbox 114 2336 250 2380; x_wconf 77' lang='lat' dir='ltr'>134ss</span> <span class='ocrx_word' id='word_1_232' title='bbox 283 2337 416 2390; x_wconf 77' lang='lat' dir='ltr'>alibi).</span> 
     </span>
    </p>

    <p class='ocr_par' dir='ltr' id='par_1_6' title="bbox 101 2411 1792 2997">
     <span class='ocr_line' id='line_1_28' title="bbox 155 2411 1791 2466; baseline -0.001 -15"><span class='ocrx_word' id='word_1_233' title='bbox 155 2411 385 2464; x_wconf 78' lang='grc' dir='ltr'><em>Ἐγκραῑεία</em></span> <span class='ocrx_word' id='word_1_234' title='bbox 426 2412 514 2462; x_wconf 79' lang='lat' dir='ltr'>illa,</span> <span class='ocrx_word' id='word_1_235' title='bbox 559 2414 736 2466; x_wconf 71' lang='grc' dir='ltr'><em>ἀνδρεία,</em></span> <span class='ocrx_word' id='word_1_236' title='bbox 775 2415 972 2464; x_wconf 75' lang='grc' dir='ltr'><strong><em>καρτερία,</em></strong></span> <span class='ocrx_word' id='word_1_237' title='bbox 1014 2412 1208 2462; x_wconf 76' lang='lat' dir='ltr'>libertas,</span> <span class='ocrx_word' id='word_1_238' title='bbox 1253 2414 1430 2462; x_wconf 73' lang='grc' dir='ltr'><em>ἄσκησις,</em></span> <span class='ocrx_word' id='word_1_239' title='bbox 1461 2414 1501 2452; x_wconf 81' lang='grc' dir='ltr'>τὸ</span> <span class='ocrx_word' id='word_1_240' title='bbox 1534 2412 1791 2463; x_wconf 60' lang='grc' dir='ltr'>ἁιιυκόδητον</span> 
     </span>
     <span class='ocr_line' id='line_1_29' title="bbox 104 2484 1791 2546; baseline -0.001 -15"><span class='ocrx_word' id='word_1_241' title='bbox 104 2484 220 2537; x_wconf 84' lang='grc' dir='ltr'><em>εἶναι,</em></span> <span class='ocrx_word' id='word_1_242' title='bbox 268 2487 376 2531; x_wconf 88' lang='lat' dir='ltr'>haec</span> <span class='ocrx_word' id='word_1_243' title='bbox 423 2489 572 2532; x_wconf 94' lang='lat' dir='ltr'>omnia</span> <span class='ocrx_word' id='word_1_244' title='bbox 606 2488 884 2546; x_wconf 86' lang='lat' dir='ltr'>pertinebant</span> <span class='ocrx_word' id='word_1_245' title='bbox 916 2488 969 2531; x_wconf 84' lang='lat' dir='ltr'>ad</span> <span class='ocrx_word' id='word_1_246' title='bbox 1006 2488 1120 2532; x_wconf 89' lang='lat' dir='ltr'>vitae</span> <span class='ocrx_word' id='word_1_247' title='bbox 1153 2487 1246 2531; x_wconf 92' lang='lat' dir='ltr'>eius</span> <span class='ocrx_word' id='word_1_248' title='bbox 1278 2487 1472 2531; x_wconf 84' lang='lat' dir='ltr'>rationes</span> <span class='ocrx_word' id='word_1_249' title='bbox 1505 2492 1545 2530; x_wconf 90' lang='lat' dir='ltr'>et</span> <span class='ocrx_word' id='word_1_250' title='bbox 1578 2486 1791 2530; x_wconf 90' lang='lat' dir='ltr'>instituta.</span> 
     </span>
     <span class='ocr_line' id='line_1_30' title="bbox 106 2562 1792 2621; baseline 0 -15"><span class='ocrx_word' id='word_1_251' title='bbox 106 2562 240 2607; x_wconf 89' lang='lat' dir='ltr'>Deam</span> <span class='ocrx_word' id='word_1_252' title='bbox 275 2563 412 2618; x_wconf 91' lang='lat' dir='ltr'>illam,</span> <span class='ocrx_word' id='word_1_253' title='bbox 446 2564 515 2607; x_wconf 84' lang='lat' dir='ltr'>cui</span> <span class='ocrx_word' id='word_1_254' title='bbox 539 2564 826 2621; x_wconf 88' lang='lat' dir='ltr'>Philosophia</span> <span class='ocrx_word' id='word_1_255' title='bbox 858 2579 1016 2606; x_wconf 90' lang='lat' dir='ltr'>nomen</span> <span class='ocrx_word' id='word_1_256' title='bbox 1045 2569 1124 2613; x_wconf 90' lang='lat' dir='ltr'>est,</span> <span class='ocrx_word' id='word_1_257' title='bbox 1144 2579 1229 2606; x_wconf 92' lang='lat' dir='ltr'>non</span> <span class='ocrx_word' id='word_1_258' title='bbox 1258 2564 1399 2606; x_wconf 90' lang='lat' dir='ltr'>solum</span> <span class='ocrx_word' id='word_1_259' title='bbox 1420 2562 1792 2619; x_wconf 83' lang='lat' dir='ltr'>disputationibus</span> 
     </span>
     <span class='ocr_line' id='line_1_31' title="bbox 102 2638 1790 2691; baseline 0.001 -10"><span class='ocrx_word' id='word_1_260' title='bbox 102 2638 341 2682; x_wconf 90' lang='lat' dir='ltr'>dialecticis</span> <span class='ocrx_word' id='word_1_261' title='bbox 382 2640 676 2683; x_wconf 88' lang='lat' dir='ltr'>venerabatur</span> <span class='ocrx_word' id='word_1_262' title='bbox 718 2640 793 2683; x_wconf 93' lang='lat' dir='ltr'>sed</span> <span class='ocrx_word' id='word_1_263' title='bbox 828 2639 957 2682; x_wconf 88' lang='lat' dir='ltr'>etiam</span> <span class='ocrx_word' id='word_1_264' title='bbox 994 2639 1109 2682; x_wconf 89' lang='lat' dir='ltr'>vitae</span> <span class='ocrx_word' id='word_1_265' title='bbox 1142 2655 1250 2683; x_wconf 87' lang='lat' dir='ltr'>suae</span> <span class='ocrx_word' id='word_1_266' title='bbox 1284 2639 1447 2682; x_wconf 88' lang='lat' dir='ltr'>Ducem</span> <span class='ocrx_word' id='word_1_267' title='bbox 1480 2639 1562 2682; x_wconf 92' lang='lat' dir='ltr'>sibi</span> <span class='ocrx_word' id='word_1_268' title='bbox 1596 2655 1790 2691; x_wconf 86' lang='lat' dir='ltr'>sumpse-</span> 
     </span>
     <span class='ocr_line' id='line_1_32' title="bbox 104 2715 1790 2772; baseline 0.001 -16"><span class='ocrx_word' id='word_1_269' title='bbox 104 2719 183 2757; x_wconf 79' lang='lat' dir='ltr'>rat.</span> <span class='ocrx_word' id='word_1_270' title='bbox 224 2715 348 2758; x_wconf 83' lang='lat' dir='ltr'>Plato</span> <span class='ocrx_word' id='word_1_271' title='bbox 390 2715 515 2759; x_wconf 90' lang='lat' dir='ltr'>aliter</span> <span class='ocrx_word' id='word_1_272' title='bbox 558 2715 748 2765; x_wconf 89' lang='lat' dir='ltr'>vivebat,</span> <span class='ocrx_word' id='word_1_273' title='bbox 793 2715 833 2758; x_wconf 92' lang='lat' dir='ltr'>id</span> <span class='ocrx_word' id='word_1_274' title='bbox 877 2715 992 2772; x_wconf 89' lang='lat' dir='ltr'>quod</span> <span class='ocrx_word' id='word_1_275' title='bbox 1026 2715 1165 2758; x_wconf 88' lang='lat' dir='ltr'>elucet</span> <span class='ocrx_word' id='word_1_276' title='bbox 1199 2715 1265 2757; x_wconf 90' lang='lat' dir='ltr'>vel</span> <span class='ocrx_word' id='word_1_277' title='bbox 1298 2730 1350 2758; x_wconf 88' lang='lat' dir='ltr'>ex</span> <span class='ocrx_word' id='word_1_278' title='bbox 1380 2715 1613 2758; x_wconf 88' lang='lat' dir='ltr'>notissima</span> <span class='ocrx_word' id='word_1_279' title='bbox 1645 2730 1790 2759; x_wconf 83' lang='lat' dir='ltr'>narra-</span> 
     </span>
     <span class='ocr_line' id='line_1_33' title="bbox 101 2789 1791 2848; baseline 0.001 -16"><span class='ocrx_word' id='word_1_280' title='bbox 101 2789 298 2834; x_wconf 90' lang='lat' dir='ltr'>tiuncula</span> <span class='ocrx_word' id='word_1_281' title='bbox 324 2791 375 2834; x_wconf 91' lang='lat' dir='ltr'>de</span> <span class='ocrx_word' id='word_1_282' title='bbox 410 2790 607 2847; x_wconf 82' lang='lat' dir='ltr'>Diogene</span> <span class='ocrx_word' id='word_1_283' title='bbox 640 2791 855 2848; x_wconf 90' lang='lat' dir='ltr'>superbos</span> <span class='ocrx_word' id='word_1_284' title='bbox 887 2790 1085 2833; x_wconf 87' lang='lat' dir='ltr'>Platonis</span> <span class='ocrx_word' id='word_1_285' title='bbox 1117 2795 1236 2833; x_wconf 91' lang='lat' dir='ltr'>toros</span> <span class='ocrx_word' id='word_1_286' title='bbox 1269 2795 1309 2833; x_wconf 89' lang='lat' dir='ltr'>et</span> <span class='ocrx_word' id='word_1_287' title='bbox 1341 2790 1505 2834; x_wconf 88' lang='lat' dir='ltr'>fastum</span> <span class='ocrx_word' id='word_1_288' title='bbox 1540 2790 1791 2834; x_wconf 83' lang='lat' dir='ltr'>decalcante</span> 
     </span>
     <span class='ocr_line' id='line_1_34' title="bbox 103 2864 1789 2922; baseline 0.001 -15"><span class='ocrx_word' id='word_1_289' title='bbox 103 2864 245 2921; x_wconf 86' lang='lat' dir='ltr'>(Diog.</span> <span class='ocrx_word' id='word_1_290' title='bbox 291 2865 432 2909; x_wconf 86' lang='lat' dir='ltr'>Laert.</span> <span class='ocrx_word' id='word_1_291' title='bbox 484 2866 557 2909; x_wconf 93' lang='lat' dir='ltr'>VI.</span> <span class='ocrx_word' id='word_1_292' title='bbox 602 2866 708 2916; x_wconf 59' lang='lat'>26).</span> <span class='ocrx_word' id='word_1_293' title='bbox 750 2866 785 2908; x_wconf 89' lang='lat' dir='ltr'>E</span> <span class='ocrx_word' id='word_1_294' title='bbox 829 2866 1008 2909; x_wconf 80' lang='lat' dir='ltr'>Socrate</span> <span class='ocrx_word' id='word_1_295' title='bbox 1051 2866 1301 2922; x_wconf 90' lang='lat' dir='ltr'>disputante</span> <span class='ocrx_word' id='word_1_296' title='bbox 1340 2870 1381 2909; x_wconf 92' lang='lat' dir='ltr'>et</span> <span class='ocrx_word' id='word_1_297' title='bbox 1424 2866 1664 2909; x_wconf 82' lang='lat' dir='ltr'>disserente</span> <span class='ocrx_word' id='word_1_298' title='bbox 1706 2866 1789 2909; x_wconf 91' lang='lat' dir='ltr'>sibi</span> 
     </span>
     <span class='ocr_line' id='line_1_35' title="bbox 103 2941 1792 2997; baseline 0 -14"><span class='ocrx_word' id='word_1_299' title='bbox 103 2941 351 2997; x_wconf 85' lang='lat' dir='ltr'>exemplum</span> <span class='ocrx_word' id='word_1_300' title='bbox 365 2956 537 2985; x_wconf 87' lang='lat' dir='ltr'>sumere</span> <span class='ocrx_word' id='word_1_301' title='bbox 552 2957 636 2985; x_wconf 87' lang='lat' dir='ltr'>non</span> <span class='ocrx_word' id='word_1_302' title='bbox 651 2942 913 2997; x_wconf 82' lang='lat' dir='ltr'>dedignatus</span> <span class='ocrx_word' id='word_1_303' title='bbox 926 2945 1004 2991; x_wconf 87' lang='lat' dir='ltr'>est,</span> <span class='ocrx_word' id='word_1_304' title='bbox 1017 2944 1246 2986; x_wconf 73' lang='lat' dir='ltr'>viventem</span> <span class='ocrx_word' id='word_1_305' title='bbox 1259 2944 1417 2986; x_wconf 77' lang='lat' dir='ltr'>autem</span> <span class='ocrx_word' id='word_1_306' title='bbox 1429 2945 1618 2986; x_wconf 76' lang='lat' dir='ltr'>imitari</span> <span class='ocrx_word' id='word_1_307' title='bbox 1627 2944 1792 2986; x_wconf 73' lang='lat' dir='ltr'>noluit.</span> 
     </span>
    </p>
   </div>
  </div>
 </body>
</html>
