2019 3299
1031 173 1087 215 96

167 332 170 337 .
220 293 293 336 οὖν
324 298 479 346 σφόδρα
512 304 632 335 ταῦτα
670 296 765 348 λέγω
810 295 929 350 (item
964 296 1093 338 26οῑ
1136 303 1258 336 ταῦτα
1298 297 1409 349 λέγω,
1449 295 1500 343 ὡς
1544 300 1584 335 τὸ
1626 297 1817 346 παράπαν
1850 296 1898 335 οὐ

221 374 389 419 νομίζεις
420 372 559 422 θεούς)
575 369 624 423 1).

279 445 517 502 Postquam
565 445 719 488 deinde
771 446 910 489 altera
964 461 1063 501 pars
1110 445 1303 488 criminis
1347 444 1583 501 impietatis
1631 460 1691 488 sc.
1738 444 1898 488 crimen

221 537 434 565 novorum
479 521 826 570 daemoniorum,
869 521 1051 564 amolita
1077 526 1156 572 est,
1188 521 1253 564 vel
1286 520 1432 577 potius
1464 524 1695 563 accusator
1725 524 1904 576 rogatus

219 613 316 641 eam
365 613 435 640 reo
477 597 741 640 condonavit
790 624 836 627 —
889 612 1029 653 neque
1071 596 1258 639 Meletus
1301 595 1543 639 secundum
1588 595 1816 638 Platonem
1849 595 1901 638 de

222 674 302 716 hoc
342 671 523 716 crimine
564 672 736 715 locutus
778 687 876 715 esse
922 672 1103 721 videtur,
1149 687 1289 728 neque
1322 671 1454 727 igitur
1480 686 1581 713 reus
1609 670 1690 714 hoc
1723 669 1903 714 crimine

220 765 266 792 se
314 753 470 805 purgat
505 775 554 778 —
590 747 785 805 sequitur
833 747 1060 791 altercatio
1108 747 1233 790 cuius
1281 746 1382 789 finis
1430 745 1499 788 liic
1547 750 1634 789 est:
1684 743 1799 794 οὗτος
1831 748 1904 800 γὰρ

221 825 305 875 ἐμοὶ
351 827 536 871 φαίνεται
577 826 620 862 τὰ
665 824 824 864 ἐναυτία
856 824 983 877 λέγειν
1015 825 1133 872 αὐτὸς
1166 824 1291 878 ἑαυτῷ
1325 823 1375 862 ἐν
1408 830 1457 878 τῇ
1490 830 1670 878 γραφῇ,
1700 823 1829 870 ὥσπερ
1857 822 1905 861 ἂν

222 903 251 940 εἱ
294 902 397 940 εἴποι
450 900 583 939 ἀδικεῖ
608 902 824 951 Σωκράτης
849 902 974 947 θεοὺς
1006 900 1052 940 οὐ
1088 901 1272 950 νομίζων,
1303 899 1400 938 ἀλλὰ
1432 899 1554 945 θεοὺς
1586 900 1768 947 νομίζων.
1802 896 1906 939 Dor-

223 975 417 1018 mimus‘?
450 974 733 1030 Vigilamus‘?
779 975 847 1017 An
885 975 1008 1018 Plato
1042 990 1120 1017 nos
1155 974 1353 1017 videntes
1386 977 1516 1030 atque
1553 972 1784 1028 vigilantes
1818 971 1905 1015 elu-

221 1052 321 1094 dere
353 1050 531 1093 studet‘?
565 1050 644 1104 Ita,
680 1055 725 1093 ut
758 1055 804 1093 tu
833 1050 913 1099 ais,
949 1066 1017 1093 res
1051 1065 1097 1093 se
1133 1065 1217 1092 non
1252 1049 1396 1102 habet,
1428 1048 1565 1091 Plato.
1600 1047 1794 1097 Minime,
1829 1047 1903 1091 sed

223 1132 268 1170 tu
311 1126 628 1171 causidicorum
673 1126 739 1169 vel
771 1126 1095 1170 dialecticorum
1132 1126 1173 1169 in
1208 1126 1383 1169 modum
1423 1148 1470 1152 —-
1507 1124 1635 1181 idque
1667 1123 1777 1167 satis
1808 1138 1910 1181 pue-

222 1202 357 1246 riliter
391 1229 441 1233 —
476 1218 598 1245 reum
652 1208 773 1245 tuum
824 1202 994 1245 inducis
1041 1218 1117 1259 pro
1169 1217 1214 1245 re
1262 1206 1366 1245 nata
1409 1206 1449 1244 et
1483 1200 1536 1244 ad
1569 1199 1739 1243 libitum
1777 1199 1911 1243 verba

222 1277 519 1323 accusationis
546 1283 802 1327 mutantem,
831 1278 1134 1322 adversarium
1154 1278 1263 1321 facis
1282 1278 1497 1321 dicentem
1518 1281 1558 1319 et
1576 1275 1910 1332 respondentem

223 1354 330 1399 talia
361 1354 510 1412 qualia
541 1353 618 1397 tibi
651 1369 762 1410 opus
795 1359 911 1397 sunt.
945 1354 1017 1397 Sic
1050 1359 1091 1397 ut
1128 1354 1173 1397 fit
1206 1354 1248 1397 in
1283 1352 1657 1411 disputationibus
1674 1350 1913 1395 dialecticis

223 1430 479 1474 dexteritate
511 1429 700 1487 quadam
737 1434 778 1473 et
812 1429 1006 1473 versutia
1037 1429 1290 1485 disputandi
1323 1433 1622 1472 accusatorem
1657 1427 1739 1471 sibi
1767 1426 1910 1483 ipsum

224 1511 541 1564 repugnantem
583 1505 768 1548 inducis.
806 1505 961 1562 Neque
1006 1505 1221 1549 mehercle
1253 1505 1295 1548 in
1331 1508 1640 1549 accusatorum
1671 1502 1834 1551 libello,
1867 1507 1914 1545 ut

225 1587 269 1626 tu
313 1581 393 1630 ais,
435 1582 542 1625 haec
584 1580 869 1624 contradictio
911 1581 1085 1637 legitur,
1134 1580 1209 1624 sed
1245 1585 1478 1638 postquam
1519 1595 1546 1623 a
1576 1585 1617 1623 te
1649 1578 1800 1622 omnia
1831 1578 1916 1621 huc

225 1663 356 1715 atque
389 1657 491 1701 illuc
528 1661 702 1700 versata
734 1661 774 1700 et
812 1656 992 1700 inversa
1024 1662 1063 1700 et
1092 1661 1262 1700 mutata
1293 1661 1417 1705 sunt;
1451 1671 1592 1713 neque
1627 1655 1734 1698 haec
1766 1654 1916 1696 omnia

225 1738 328 1777 sunt
374 1734 433 1776 rei
480 1733 668 1776 iocantis
705 1760 754 1764 —
789 1735 919 1773 καίτοι
965 1735 1079 1773 τοῦτό
1129 1734 1207 1772 ἐστι
1250 1735 1457 1781 παίζοντος
1494 1758 1543 1762 —
1580 1731 1655 1774 sed
1691 1728 1917 1786 scriptoris

226 1809 480 1867 posterioris
527 1809 615 1867 qui,
663 1809 784 1853 nulla
833 1808 1032 1852 veritatis
1080 1823 1186 1852 cura
1227 1807 1391 1856 habita,
1437 1807 1518 1850 hoc
1545 1810 1715 1850 tantum
1749 1804 1838 1861 agit
1872 1810 1916 1847 ut

226 1891 507 1930 accusatores
538 1885 788 1934 ulciscatur,
822 1884 1011 1928 ludibrio
1037 1899 1112 1927 eos
1146 1883 1314 1926 liabens
1341 1889 1381 1926 et
1409 1882 1709 1925 demonstrare
1737 1884 1920 1923 conatur

228 1962 358 2004 nimis
391 1961 620 2005 ridiculam
653 1965 791 2004 totam
826 1960 945 2004 illam
980 1959 1307 2004 accusationem
1342 1974 1439 2002 esse
1470 1973 1602 2016 quam
1624 1956 1785 2014 utquis
1804 1955 1917 1998 serio

227 2053 324 2081 eam
364 2036 548 2080 refellat.
586 2037 672 2080 Sed
706 2042 751 2080 tu
783 2052 867 2079 non
902 2036 1064 2093 optime
1098 2036 1208 2079 haec
1249 2034 1555 2091 composuisti.
1590 2033 1687 2084 Qui,
1721 2032 1917 2075 intentus

226 2118 458 2170 spectator,
490 2112 646 2156 acriter
680 2113 883 2159 intuetur,
914 2111 1063 2154 omnia
1090 2116 1166 2154 tua
1190 2110 1306 2153 furta
1324 2115 1364 2153 et
1382 2108 1570 2153 artificia
1587 2106 1916 2152 animadvertit.

229 2188 383 2246 Neque
416 2193 455 2231 te
474 2187 880 2231 inconstantissime
907 2187 1026 2244 loqui
1056 2186 1326 2242 ignoramus,
1355 2185 1516 2243 quippe
1533 2184 1608 2242 qui
1627 2184 1681 2226 27
1704 2183 1737 2226 B
1801 2183 1859 2226 28
1878 2183 1915 2225 A

229 2265 373 2307 denuo
416 2264 467 2307 ad
511 2263 697 2320 primam
735 2263 1063 2307 accusationem
1102 2262 1127 2305 i.
1158 2277 1193 2304 e.
1227 2260 1555 2305 accusationem
1590 2275 1616 2303 a
1647 2265 1688 2303 te
1722 2259 1916 2302 nondum

230 2344 457 2387 mutatam,
487 2339 692 2396 refugias,
724 2344 768 2382 ut
804 2339 1079 2382 demonstres
1105 2337 1339 2381 admodum
1362 2336 1555 2379 ieiunum
1575 2352 1672 2379 esse
1690 2336 1916 2379 Socratem

230 2415 427 2458 accusari
465 2414 683 2458 atheismi.
728 2413 1040 2470 Praestigiator
1067 2429 1112 2456 es
1146 2413 1283 2460 Plato.
1320 2412 1395 2455 sed
1429 2411 1708 2455 occultiorem
1742 2415 1783 2454 te
1821 2426 1918 2453 esse

230 2495 398 2547 oportet
431 2495 471 2533 et
507 2490 663 2534 melius
697 2490 873 2534 fraudes
906 2495 1065 2546 tegere.
1097 2488 1308 2531 Videmus
1342 2487 1456 2530 enim
1490 2487 1709 2544 quomodo
1741 2486 1783 2529 in
1817 2501 1917 2542 apo·

232 2566 349 2622 logia
381 2570 457 2609 tua
488 2566 793 2622 componenda
824 2581 945 2622 agas.

293 2640 603 2684 Defensionem
638 2646 783 2684 autem
818 2640 946 2683 nobis
977 2656 1064 2683 non
1098 2639 1294 2685 exhibes.
1331 2638 1469 2682 Plato.

293 2717 497 2760 Socrates
529 2721 629 2759 tuus
664 2732 750 2759 non
784 2715 1099 2759 demonstravit
1136 2730 1181 2757 se
1215 2715 1319 2757 deos
1354 2713 1519 2770 patrios
1551 2713 1706 2756 colere.

291 2793 496 2836 Socrates
529 2797 630 2835 tuus
665 2808 749 2835 non
783 2791 975 2835 defendit
1008 2789 1288 2834 daemonium
1324 2804 1468 2832 suum.

285 2900 306 2942 ³)
333 2899 379 2934 Ut
413 2911 497 2932 vera
523 2899 719 2933 videantur
744 2910 839 2941 quae
868 2898 974 2936 dixit,
999 2896 1151 2940 saepius
1177 2896 1271 2930 tales
1295 2895 1566 2930 affirmationes
1592 2894 1800 2928 adduntur:
1829 2905 1859 2926 e.
1885 2904 1919 2935 g.

236 2959 345 3004 APOl.
369 2960 413 2993 33
438 2960 477 2993 C.
501 2966 605 2991 πᾶσαν
630 2963 698 2997 ὑμῖν
724 2961 773 2998 τὴν
796 2963 947 2998 ἀλήθειαν
973 2962 1029 2997 ἐγὼ
1054 2957 1147 2989 εἶπον.
