<?xml version="1.0" encoding="UTF-8"?>
<!DOCTYPE html PUBLIC "-//W3C//DTD XHTML 1.0 Transitional//EN"
    "http://www.w3.org/TR/xhtml1/DTD/xhtml1-transitional.dtd">
<html xmlns="http://www.w3.org/1999/xhtml" xml:lang="en" lang="en">
 <head>
  <title>
</title>
<meta http-equiv="Content-Type" content="text/html;charset=utf-8" />
  <meta name='ocr-system' content='tesseract 3.04.00' />
  <meta name='ocr-capabilities' content='ocr_page ocr_carea ocr_par ocr_line ocrx_word'/>
</head>
<body>
  <div class='ocr_page' id='page_1' title='image "./deapologiaxenoph00vrijuoft_0148.png"; bbox 0 0 2019 3299; ppageno 0'>
   <div class='ocr_carea' id='block_1_1' title="bbox 1002 170 1082 212">
    <p class='ocr_par' dir='ltr' id='par_1_1' title="bbox 1002 170 1082 212">
     <span class='ocr_line' id='line_1_1' title="bbox 1002 170 1082 212; baseline 0 0"><span class='ocrx_word' id='word_1_1' title='bbox 1002 170 1082 212; x_wconf 73' lang='lat'>124</span> 
     </span>
    </p>
   </div>
   <div class='ocr_carea' id='block_1_2' title="bbox 168 291 1886 1940">
    <p class='ocr_par' dir='ltr' id='par_1_2' title="bbox 168 291 1883 954">
     <span class='ocr_line' id='line_1_2' title="bbox 168 291 1878 351; baseline 0.003 -18"><span class='ocrx_word' id='word_1_2' title='bbox 168 291 336 338; x_wconf 73' lang='lat' dir='ltr'>‚culam</span> <span class='ocrx_word' id='word_1_3' title='bbox 384 291 425 334; x_wconf 90' lang='lat' dir='ltr'>in</span> <span class='ocrx_word' id='word_1_4' title='bbox 475 292 590 336; x_wconf 89' lang='lat' dir='ltr'>hunc</span> <span class='ocrx_word' id='word_1_5' title='bbox 636 293 779 336; x_wconf 89' lang='lat' dir='ltr'>locum</span> <span class='ocrx_word' id='word_1_6' title='bbox 826 298 958 351; x_wconf 89' lang='lat' dir='ltr'>atque</span> <span class='ocrx_word' id='word_1_7' title='bbox 1006 294 1154 338; x_wconf 90' lang='lat' dir='ltr'>omnia</span> <span class='ocrx_word' id='word_1_8' title='bbox 1203 295 1366 351; x_wconf 92' lang='lat' dir='ltr'>optime</span> <span class='ocrx_word' id='word_1_9' title='bbox 1400 295 1627 338; x_wconf 78' lang='lat' dir='ltr'>decurrere</span> <span class='ocrx_word' id='word_1_10' title='bbox 1659 299 1699 338; x_wconf 90' lang='lat' dir='ltr'>et</span> <span class='ocrx_word' id='word_1_11' title='bbox 1735 309 1878 338; x_wconf 89' lang='lat' dir='ltr'>rerum</span> 
     </span>
     <span class='ocr_line' id='line_1_3' title="bbox 195 366 1881 424; baseline 0.001 -15"><span class='ocrx_word' id='word_1_12' title='bbox 195 366 306 410; x_wconf 89' lang='lat' dir='ltr'>serie</span> <span class='ocrx_word' id='word_1_13' title='bbox 337 382 420 411; x_wconf 88' lang='lat' dir='ltr'>sua</span> <span class='ocrx_word' id='word_1_14' title='bbox 450 372 606 424; x_wconf 85' lang='lat' dir='ltr'>sponte</span> <span class='ocrx_word' id='word_1_15' title='bbox 639 373 736 412; x_wconf 87' lang='lat' dir='ltr'>orta</span> <span class='ocrx_word' id='word_1_16' title='bbox 768 374 807 412; x_wconf 89' lang='lat' dir='ltr'>et</span> <span class='ocrx_word' id='word_1_17' title='bbox 837 374 942 413; x_wconf 89' lang='lat' dir='ltr'>nata</span> <span class='ocrx_word' id='word_1_18' title='bbox 973 385 1069 412; x_wconf 87' lang='lat' dir='ltr'>esse</span> <span class='ocrx_word' id='word_1_19' title='bbox 1105 369 1254 413; x_wconf 88' lang='lat' dir='ltr'>videri.</span> <span class='ocrx_word' id='word_1_20' title='bbox 1289 369 1398 413; x_wconf 90' lang='lat' dir='ltr'>Illud</span> <span class='ocrx_word' id='word_1_21' title='bbox 1436 370 1502 409; x_wconf 86' lang='grc' dir='ltr'>καὶ</span> <span class='ocrx_word' id='word_1_22' title='bbox 1530 371 1610 421; x_wconf 75' lang='grc' dir='ltr'>ἅμα</span> <span class='ocrx_word' id='word_1_23' title='bbox 1636 370 1881 423; x_wconf 77' lang='grc' dir='ltr'><strong><em>ἐπιγελάσαι,</em></strong></span> 
     </span>
     <span class='ocr_line' id='line_1_4' title="bbox 195 444 1882 502; baseline 0 -17"><span class='ocrx_word' id='word_1_24' title='bbox 195 447 236 486; x_wconf 87' lang='lat' dir='ltr'>et</span> <span class='ocrx_word' id='word_1_25' title='bbox 266 458 525 499; x_wconf 87' lang='lat' dir='ltr'>responsum</span> <span class='ocrx_word' id='word_1_26' title='bbox 561 444 665 487; x_wconf 95' lang='lat' dir='ltr'>illud</span> <span class='ocrx_word' id='word_1_27' title='bbox 695 444 905 495; x_wconf 86' lang='lat' dir='ltr'>SocratiS,</span> <span class='ocrx_word' id='word_1_28' title='bbox 939 446 1092 489; x_wconf 87' lang='lat' dir='ltr'>decent</span> <span class='ocrx_word' id='word_1_29' title='bbox 1132 445 1353 489; x_wconf 89' lang='lat' dir='ltr'>hominem</span> <span class='ocrx_word' id='word_1_30' title='bbox 1389 445 1463 502; x_wconf 88' lang='lat' dir='ltr'>qui</span> <span class='ocrx_word' id='word_1_31' title='bbox 1496 444 1603 489; x_wconf 91' lang='lat' dir='ltr'>abiit</span> <span class='ocrx_word' id='word_1_32' title='bbox 1635 446 1701 485; x_wconf 85' lang='grc' dir='ltr'>καὶ</span> <span class='ocrx_word' id='word_1_33' title='bbox 1733 445 1882 497; x_wconf 84' lang='grc' dir='ltr'><em>ὄμμασι</em></span> 
     </span>
     <span class='ocr_line' id='line_1_5' title="bbox 193 519 1879 578; baseline 0.004 -21"><span class='ocrx_word' id='word_1_34' title='bbox 193 519 259 558; x_wconf 82' lang='grc' dir='ltr'>καὶ</span> <span class='ocrx_word' id='word_1_35' title='bbox 305 521 469 571; x_wconf 83' lang='grc' dir='ltr'><em>σχήματι</em></span> <span class='ocrx_word' id='word_1_36' title='bbox 515 521 581 559; x_wconf 79' lang='grc' dir='ltr'>καὶ</span> <span class='ocrx_word' id='word_1_37' title='bbox 623 522 836 572; x_wconf 81' lang='grc' dir='ltr'><em>βαδίσματι</em></span> <span class='ocrx_word' id='word_1_38' title='bbox 882 523 1064 572; x_wconf 78' lang='grc' dir='ltr'><em>φαιδρός.</em></span> <span class='ocrx_word' id='word_1_39' title='bbox 1108 520 1273 565; x_wconf 69' lang='lat' dir='ltr'>Contra</span> <span class='ocrx_word' id='word_1_40' title='bbox 1315 520 1514 577; x_wconf 73' lang='lat' dir='ltr'>suspicor</span> <span class='ocrx_word' id='word_1_41' title='bbox 1548 520 1718 564; x_wconf 71' lang='lat' dir='ltr'>platoni</span> <span class='ocrx_word' id='word_1_42' title='bbox 1751 520 1879 578; x_wconf 86' lang='lat' dir='ltr'><strong>Apol.</strong></span> 
     </span>
     <span class='ocr_line' id='line_1_6' title="bbox 194 593 1879 653; baseline 0.001 -17"><span class='ocrx_word' id='word_1_43' title='bbox 194 593 306 637; x_wconf 87' lang='lat' dir='ltr'>Xen.</span> <span class='ocrx_word' id='word_1_44' title='bbox 354 594 594 650; x_wconf 76' lang='lat' dir='ltr'>perlegenti</span> <span class='ocrx_word' id='word_1_45' title='bbox 640 596 753 639; x_wconf 89' lang='lat' dir='ltr'>hanc</span> <span class='ocrx_word' id='word_1_46' title='bbox 800 596 851 639; x_wconf 94' lang='lat' dir='ltr'>de</span> <span class='ocrx_word' id='word_1_47' title='bbox 898 596 1167 653; x_wconf 88' lang='lat' dir='ltr'>Apollodoro</span> <span class='ocrx_word' id='word_1_48' title='bbox 1209 596 1587 640; x_wconf 76' lang='lat' dir='ltr'>narratiunculam</span> <span class='ocrx_word' id='word_1_49' title='bbox 1629 595 1804 653; x_wconf 88' lang='lat' dir='ltr'>penitus</span> <span class='ocrx_word' id='word_1_50' title='bbox 1837 595 1879 639; x_wconf 94' lang='lat' dir='ltr'>in</span> 
     </span>
     <span class='ocr_line' id='line_1_7' title="bbox 194 670 1882 729; baseline 0.001 -17"><span class='ocrx_word' id='word_1_51' title='bbox 194 674 337 713; x_wconf 84' lang='lat' dir='ltr'>mente</span> <span class='ocrx_word' id='word_1_52' title='bbox 390 670 650 720; x_wconf 82' lang='lat' dir='ltr'>inhaesisse,</span> <span class='ocrx_word' id='word_1_53' title='bbox 708 671 863 715; x_wconf 91' lang='lat' dir='ltr'>deinde</span> <span class='ocrx_word' id='word_1_54' title='bbox 915 687 980 720; x_wconf 87' lang='lat' dir='ltr'>ea,</span> <span class='ocrx_word' id='word_1_55' title='bbox 1036 687 1150 729; x_wconf 89' lang='lat' dir='ltr'>quae</span> <span class='ocrx_word' id='word_1_56' title='bbox 1203 687 1229 715; x_wconf 85' lang='lat' dir='ltr'>a</span> <span class='ocrx_word' id='word_1_57' title='bbox 1279 671 1574 729; x_wconf 81' lang='lat' dir='ltr'>Xenophonte</span> <span class='ocrx_word' id='word_1_58' title='bbox 1625 670 1882 728; x_wconf 88' lang='lat' dir='ltr'>simpliciter</span> 
     </span>
     <span class='ocr_line' id='line_1_8' title="bbox 194 745 1879 804; baseline 0.001 -16"><span class='ocrx_word' id='word_1_59' title='bbox 194 745 431 788; x_wconf 83' lang='lat' dir='ltr'>admodum</span> <span class='ocrx_word' id='word_1_60' title='bbox 465 750 506 789; x_wconf 90' lang='lat' dir='ltr'>et</span> <span class='ocrx_word' id='word_1_61' title='bbox 540 746 602 789; x_wconf 90' lang='lat' dir='ltr'>sic</span> <span class='ocrx_word' id='word_1_62' title='bbox 634 747 749 790; x_wconf 92' lang='lat' dir='ltr'>nude</span> <span class='ocrx_word' id='word_1_63' title='bbox 782 748 833 790; x_wconf 90' lang='lat' dir='ltr'>de</span> <span class='ocrx_word' id='word_1_64' title='bbox 860 747 1127 804; x_wconf 83' lang='lat' dir='ltr'>Apollodoro</span> <span class='ocrx_word' id='word_1_65' title='bbox 1152 748 1450 801; x_wconf 78' lang='lat' dir='ltr'>tradebantur,</span> <span class='ocrx_word' id='word_1_66' title='bbox 1473 763 1500 791; x_wconf 88' lang='lat' dir='ltr'>a</span> <span class='ocrx_word' id='word_1_67' title='bbox 1525 762 1699 790; x_wconf 86' lang='lat' dir='ltr'>summo</span> <span class='ocrx_word' id='word_1_68' title='bbox 1728 751 1879 791; x_wconf 87' lang='lat' dir='ltr'>nostro</span> 
     </span>
     <span class='ocr_line' id='line_1_9' title="bbox 178 820 1883 879; baseline 0.002 -16"><span class='ocrx_word' id='word_1_69' title='bbox 178 820 401 878; x_wconf 70' lang='lat' dir='ltr'>‘scriptore</span> <span class='ocrx_word' id='word_1_70' title='bbox 428 826 570 871; x_wconf 84' lang='lat' dir='ltr'>aucta,</span> <span class='ocrx_word' id='word_1_71' title='bbox 599 827 823 869; x_wconf 87' lang='lat' dir='ltr'>exornata,</span> <span class='ocrx_word' id='word_1_72' title='bbox 852 823 1120 879; x_wconf 87' lang='lat' dir='ltr'>amplificata</span> <span class='ocrx_word' id='word_1_73' title='bbox 1152 828 1193 866; x_wconf 91' lang='lat' dir='ltr'>et</span> <span class='ocrx_word' id='word_1_74' title='bbox 1221 823 1358 867; x_wconf 90' lang='lat' dir='ltr'>multo</span> <span class='ocrx_word' id='word_1_75' title='bbox 1387 822 1529 878; x_wconf 82' lang='lat' dir='ltr'>magis</span> <span class='ocrx_word' id='word_1_76' title='bbox 1557 822 1741 879; x_wconf 90' lang='lat' dir='ltr'>pulchra</span> <span class='ocrx_word' id='word_1_77' title='bbox 1766 821 1883 866; x_wconf 86' lang='lat' dir='ltr'>facta</span> 
     </span>
     <span class='ocr_line' id='line_1_10' title="bbox 195 897 1473 954; baseline 0.002 -15"><span class='ocrx_word' id='word_1_78' title='bbox 195 912 291 940; x_wconf 85' lang='lat' dir='ltr'>esse</span> <span class='ocrx_word' id='word_1_79' title='bbox 334 897 377 940; x_wconf 92' lang='lat' dir='ltr'>in</span> <span class='ocrx_word' id='word_1_80' title='bbox 425 898 728 954; x_wconf 87' lang='lat' dir='ltr'>componenda</span> <span class='ocrx_word' id='word_1_81' title='bbox 775 898 952 949; x_wconf 89' lang='lat' dir='ltr'>fabella,</span> <span class='ocrx_word' id='word_1_82' title='bbox 985 899 1053 942; x_wconf 92' lang='lat' dir='ltr'>cui</span> <span class='ocrx_word' id='word_1_83' title='bbox 1087 913 1247 942; x_wconf 93' lang='lat' dir='ltr'>nomen</span> <span class='ocrx_word' id='word_1_84' title='bbox 1282 898 1473 942; x_wconf 90' lang='lat' dir='ltr'>Phaedo</span> 
     </span>
    </p>

    <p class='ocr_par' dir='ltr' id='par_1_3' title="bbox 193 972 1884 1484">
     <span class='ocr_line' id='line_1_11' title="bbox 254 972 1882 1031; baseline 0.001 -16"><span class='ocrx_word' id='word_1_85' title='bbox 254 972 416 1030; x_wconf 86' lang='lat' dir='ltr'>Utique</span> <span class='ocrx_word' id='word_1_86' title='bbox 455 978 641 1031; x_wconf 87' lang='lat' dir='ltr'>utioque</span> <span class='ocrx_word' id='word_1_87' title='bbox 667 974 762 1017; x_wconf 90' lang='lat' dir='ltr'>loco</span> <span class='ocrx_word' id='word_1_88' title='bbox 796 974 905 1018; x_wconf 90' lang='lat' dir='ltr'>Plat.</span> <span class='ocrx_word' id='word_1_89' title='bbox 933 974 1096 1018; x_wconf 89' lang='lat' dir='ltr'>Phaed.</span> <span class='ocrx_word' id='word_1_90' title='bbox 1136 975 1286 1025; x_wconf 85' lang='lat' dir='ltr'>117D,</span> <span class='ocrx_word' id='word_1_91' title='bbox 1322 975 1404 1031; x_wconf 86' lang='lat' dir='ltr'>Ap.</span> <span class='ocrx_word' id='word_1_92' title='bbox 1438 974 1552 1017; x_wconf 90' lang='lat' dir='ltr'>Xen.</span> <span class='ocrx_word' id='word_1_93' title='bbox 1586 973 1643 1017; x_wconf 73' lang='lat'>28</span> <span class='ocrx_word' id='word_1_94' title='bbox 1675 978 1717 1017; x_wconf 86' lang='lat' dir='ltr'>et</span> <span class='ocrx_word' id='word_1_95' title='bbox 1749 973 1882 1030; x_wconf 89' lang='lat' dir='ltr'>Apol-</span> 
     </span>
     <span class='ocr_line' id='line_1_12' title="bbox 194 1048 1882 1106; baseline 0.001 -15"><span class='ocrx_word' id='word_1_96' title='bbox 194 1048 392 1092; x_wconf 91' lang='lat' dir='ltr'>lodorum</span> <span class='ocrx_word' id='word_1_97' title='bbox 432 1050 546 1100; x_wconf 87' lang='lat' dir='ltr'>flere,</span> <span class='ocrx_word' id='word_1_98' title='bbox 589 1049 815 1093; x_wconf 85' lang='lat' dir='ltr'>Socratem</span> <span class='ocrx_word' id='word_1_99' title='bbox 850 1054 996 1094; x_wconf 89' lang='lat' dir='ltr'>autem</span> <span class='ocrx_word' id='word_1_100' title='bbox 1037 1050 1204 1094; x_wconf 89' lang='lat' dir='ltr'>nullam</span> <span class='ocrx_word' id='word_1_101' title='bbox 1236 1050 1464 1094; x_wconf 84' lang='lat' dir='ltr'>laciimam</span> <span class='ocrx_word' id='word_1_102' title='bbox 1497 1048 1774 1106; x_wconf 86' lang='lat' dir='ltr'>profundere,</span> <span class='ocrx_word' id='word_1_103' title='bbox 1806 1049 1882 1093; x_wconf 91' lang='lat' dir='ltr'>sed</span> 
     </span>
     <span class='ocr_line' id='line_1_13' title="bbox 196 1124 1884 1183; baseline 0.001 -16"><span class='ocrx_word' id='word_1_104' title='bbox 196 1124 318 1168; x_wconf 90' lang='lat' dir='ltr'>vultu</span> <span class='ocrx_word' id='word_1_105' title='bbox 352 1125 534 1168; x_wconf 90' lang='lat' dir='ltr'>immoto</span> <span class='ocrx_word' id='word_1_106' title='bbox 567 1125 702 1169; x_wconf 89' lang='lat' dir='ltr'>verba</span> <span class='ocrx_word' id='word_1_107' title='bbox 734 1126 951 1183; x_wconf 83' lang='lat' dir='ltr'>quaedam</span> <span class='ocrx_word' id='word_1_108' title='bbox 984 1125 1145 1183; x_wconf 82' lang='lat' dir='ltr'>frigida</span> <span class='ocrx_word' id='word_1_109' title='bbox 1176 1127 1317 1176; x_wconf 91' lang='lat' dir='ltr'>edere,</span> <span class='ocrx_word' id='word_1_110' title='bbox 1350 1125 1630 1169; x_wconf 85' lang='lat' dir='ltr'>mirationem</span> <span class='ocrx_word' id='word_1_111' title='bbox 1663 1130 1811 1169; x_wconf 88' lang='lat' dir='ltr'>movet</span> <span class='ocrx_word' id='word_1_112' title='bbox 1841 1129 1884 1169; x_wconf 88' lang='lat' dir='ltr'>et</span> 
     </span>
     <span class='ocr_line' id='line_1_14' title="bbox 194 1200 1883 1259; baseline 0.001 -16"><span class='ocrx_word' id='word_1_113' title='bbox 194 1200 322 1244; x_wconf 90' lang='lat' dir='ltr'>facile</span> <span class='ocrx_word' id='word_1_114' title='bbox 368 1201 560 1258; x_wconf 92' lang='lat' dir='ltr'>suspicio</span> <span class='ocrx_word' id='word_1_115' title='bbox 608 1200 745 1244; x_wconf 89' lang='lat' dir='ltr'>oritur</span> <span class='ocrx_word' id='word_1_116' title='bbox 793 1202 876 1245; x_wconf 89' lang='lat' dir='ltr'>hac</span> <span class='ocrx_word' id='word_1_117' title='bbox 924 1201 966 1244; x_wconf 88' lang='lat' dir='ltr'>in</span> <span class='ocrx_word' id='word_1_118' title='bbox 1020 1218 1064 1245; x_wconf 87' lang='lat' dir='ltr'>re</span> <span class='ocrx_word' id='word_1_119' title='bbox 1112 1201 1327 1245; x_wconf 87' lang='lat' dir='ltr'>rationem</span> <span class='ocrx_word' id='word_1_120' title='bbox 1374 1201 1568 1259; x_wconf 88' lang='lat' dir='ltr'>aliquam</span> <span class='ocrx_word' id='word_1_121' title='bbox 1616 1201 1883 1245; x_wconf 89' lang='lat' dir='ltr'>intercedere</span> 
     </span>
     <span class='ocr_line' id='line_1_15' title="bbox 194 1276 1883 1335; baseline 0.001 -16"><span class='ocrx_word' id='word_1_122' title='bbox 194 1276 306 1319; x_wconf 84' lang='lat' dir='ltr'>inter</span> <span class='ocrx_word' id='word_1_123' title='bbox 337 1276 563 1320; x_wconf 88' lang='lat' dir='ltr'>Platonem</span> <span class='ocrx_word' id='word_1_124' title='bbox 599 1282 640 1320; x_wconf 92' lang='lat' dir='ltr'>et</span> <span class='ocrx_word' id='word_1_125' title='bbox 671 1277 784 1320; x_wconf 90' lang='lat' dir='ltr'>Xen.</span> <span class='ocrx_word' id='word_1_126' title='bbox 818 1278 974 1335; x_wconf 88' lang='lat' dir='ltr'>Neque</span> <span class='ocrx_word' id='word_1_127' title='bbox 1007 1278 1151 1321; x_wconf 85' lang='lat' dir='ltr'>solum</span> <span class='ocrx_word' id='word_1_128' title='bbox 1188 1278 1322 1322; x_wconf 90' lang='lat' dir='ltr'>verba</span> <span class='ocrx_word' id='word_1_129' title='bbox 1354 1277 1408 1321; x_wconf 89' lang='lat' dir='ltr'>ad</span> <span class='ocrx_word' id='word_1_130' title='bbox 1442 1277 1758 1334; x_wconf 88' lang='lat' dir='ltr'>Apollodorum</span> <span class='ocrx_word' id='word_1_131' title='bbox 1791 1293 1883 1334; x_wconf 90' lang='lat' dir='ltr'>per-</span> 
     </span>
     <span class='ocr_line' id='line_1_16' title="bbox 193 1352 1884 1409; baseline 0.002 -15"><span class='ocrx_word' id='word_1_132' title='bbox 193 1352 381 1396; x_wconf 76' lang='lat' dir='ltr'>tinentia</span> <span class='ocrx_word' id='word_1_133' title='bbox 413 1353 488 1396; x_wconf 87' lang='lat' dir='ltr'>sed</span> <span class='ocrx_word' id='word_1_134' title='bbox 522 1356 646 1398; x_wconf 77' lang='lat' dir='ltr'>totus</span> <span class='ocrx_word' id='word_1_135' title='bbox 672 1357 918 1398; x_wconf 70' lang='lat' dir='ltr'>contemtus</span> <span class='ocrx_word' id='word_1_136' title='bbox 939 1356 1192 1409; x_wconf 71' lang='lat' dir='ltr'>utriusque</span> <span class='ocrx_word' id='word_1_137' title='bbox 1218 1356 1305 1399; x_wconf 79' lang='lat' dir='ltr'>loci</span> <span class='ocrx_word' id='word_1_138' title='bbox 1322 1354 1477 1397; x_wconf 88' lang='lat' dir='ltr'>docere</span> <span class='ocrx_word' id='word_1_139' title='bbox 1496 1353 1666 1397; x_wconf 89' lang='lat' dir='ltr'>videtur</span> <span class='ocrx_word' id='word_1_140' title='bbox 1682 1356 1884 1398; x_wconf 81' lang='lat' dir='ltr'>alterum</span> 
     </span>
     <span class='ocr_line' id='line_1_17' title="bbox 194 1431 675 1484; baseline 0 -11"><span class='ocrx_word' id='word_1_141' title='bbox 194 1431 400 1474; x_wconf 78' lang='lat' dir='ltr'>alterum</span> <span class='ocrx_word' id='word_1_142' title='bbox 431 1433 675 1484; x_wconf 75' lang='lat' dir='ltr'>respicere.</span> 
     </span>
    </p>

    <p class='ocr_par' dir='ltr' id='par_1_4' title="bbox 192 1504 1886 1940">
     <span class='ocr_line' id='line_1_18' title="bbox 253 1504 1886 1563; baseline 0 -15"><span class='ocrx_word' id='word_1_143' title='bbox 253 1504 354 1548; x_wconf 94' lang='lat' dir='ltr'>Non</span> <span class='ocrx_word' id='word_1_144' title='bbox 403 1504 557 1561; x_wconf 80' lang='lat' dir='ltr'>ignoro</span> <span class='ocrx_word' id='word_1_145' title='bbox 605 1521 673 1548; x_wconf 93' lang='lat' dir='ltr'>me</span> <span class='ocrx_word' id='word_1_146' title='bbox 720 1521 835 1549; x_wconf 91' lang='lat' dir='ltr'>nunc</span> <span class='ocrx_word' id='word_1_147' title='bbox 882 1505 1181 1563; x_wconf 90' lang='lat' dir='ltr'>suspicionem</span> <span class='ocrx_word' id='word_1_148' title='bbox 1210 1504 1404 1562; x_wconf 90' lang='lat' dir='ltr'>proferre</span> <span class='ocrx_word' id='word_1_149' title='bbox 1437 1520 1552 1562; x_wconf 88' lang='lat' dir='ltr'>quae</span> <span class='ocrx_word' id='word_1_150' title='bbox 1584 1504 1886 1561; x_wconf 84' lang='lat' dir='ltr'>ingratissima</span> 
     </span>
     <span class='ocr_line' id='line_1_19' title="bbox 195 1580 1885 1638; baseline 0 -15"><span class='ocrx_word' id='word_1_151' title='bbox 195 1580 286 1623; x_wconf 80' lang='lat' dir='ltr'>erit</span> <span class='ocrx_word' id='word_1_152' title='bbox 335 1580 580 1624; x_wconf 90' lang='lat' dir='ltr'>lrascentur</span> <span class='ocrx_word' id='word_1_153' title='bbox 627 1581 733 1624; x_wconf 91' lang='lat' dir='ltr'>mihi</span> <span class='ocrx_word' id='word_1_154' title='bbox 766 1581 847 1624; x_wconf 90' lang='lat' dir='ltr'>viri</span> <span class='ocrx_word' id='word_1_155' title='bbox 878 1581 1007 1631; x_wconf 74' lang='lat' dir='ltr'>docti,</span> <span class='ocrx_word' id='word_1_156' title='bbox 1042 1585 1110 1625; x_wconf 86' lang='lat' dir='ltr'>sat</span> <span class='ocrx_word' id='word_1_157' title='bbox 1142 1580 1245 1631; x_wconf 87' lang='lat' dir='ltr'>scio,</span> <span class='ocrx_word' id='word_1_158' title='bbox 1279 1580 1522 1638; x_wconf 87' lang='lat' dir='ltr'>suspicanti</span> <span class='ocrx_word' id='word_1_159' title='bbox 1556 1596 1608 1624; x_wconf 86' lang='lat' dir='ltr'>ex</span> <span class='ocrx_word' id='word_1_160' title='bbox 1640 1580 1885 1625; x_wconf 85' lang='lat' dir='ltr'>imitatione</span> 
     </span>
     <span class='ocr_line' id='line_1_20' title="bbox 194 1655 1884 1713; baseline 0 -14"><span class='ocrx_word' id='word_1_161' title='bbox 194 1655 475 1713; x_wconf 87' lang='lat' dir='ltr'>aliquatenus</span> <span class='ocrx_word' id='word_1_162' title='bbox 509 1660 659 1700; x_wconf 90' lang='lat' dir='ltr'>natum</span> <span class='ocrx_word' id='word_1_163' title='bbox 692 1672 789 1700; x_wconf 89' lang='lat' dir='ltr'>esse</span> <span class='ocrx_word' id='word_1_164' title='bbox 822 1656 966 1700; x_wconf 90' lang='lat' dir='ltr'>locum</span> <span class='ocrx_word' id='word_1_165' title='bbox 999 1656 1040 1700; x_wconf 93' lang='lat' dir='ltr'>in</span> <span class='ocrx_word' id='word_1_166' title='bbox 1075 1656 1315 1701; x_wconf 86' lang='lat' dir='ltr'>Platonicis</span> <span class='ocrx_word' id='word_1_167' title='bbox 1347 1656 1534 1713; x_wconf 87' lang='lat' dir='ltr'>dialogis</span> <span class='ocrx_word' id='word_1_168' title='bbox 1566 1655 1761 1699; x_wconf 87' lang='lat' dir='ltr'>omniurn</span> <span class='ocrx_word' id='word_1_169' title='bbox 1793 1656 1884 1713; x_wconf 92' lang='lat' dir='ltr'>pul-</span> 
     </span>
     <span class='ocr_line' id='line_1_21' title="bbox 192 1730 1883 1789; baseline -0.001 -14"><span class='ocrx_word' id='word_1_170' title='bbox 192 1732 471 1775; x_wconf 89' lang='lat' dir='ltr'>cherrimum.</span> <span class='ocrx_word' id='word_1_171' title='bbox 522 1731 615 1775; x_wconf 91' lang='lat' dir='ltr'>Nos</span> <span class='ocrx_word' id='word_1_172' title='bbox 662 1737 810 1776; x_wconf 85' lang='lat' dir='ltr'>autem</span> <span class='ocrx_word' id='word_1_173' title='bbox 859 1732 1182 1789; x_wconf 86' lang='lat' dir='ltr'>pulchritudine</span> <span class='ocrx_word' id='word_1_174' title='bbox 1224 1732 1306 1775; x_wconf 94' lang='lat' dir='ltr'>loci</span> <span class='ocrx_word' id='word_1_175' title='bbox 1341 1748 1427 1775; x_wconf 91' lang='lat' dir='ltr'>non</span> <span class='ocrx_word' id='word_1_176' title='bbox 1461 1731 1748 1775; x_wconf 89' lang='lat' dir='ltr'>retinebimur</span> <span class='ocrx_word' id='word_1_177' title='bbox 1779 1730 1883 1789; x_wconf 92' lang='lat' dir='ltr'>quin</span> 
     </span>
     <span class='ocr_line' id='line_1_22' title="bbox 195 1807 1883 1866; baseline -0.001 -15"><span class='ocrx_word' id='word_1_178' title='bbox 195 1808 262 1851; x_wconf 90' lang='lat' dir='ltr'>his</span> <span class='ocrx_word' id='word_1_179' title='bbox 294 1824 467 1866; x_wconf 89' lang='lat' dir='ltr'>quoque</span> <span class='ocrx_word' id='word_1_180' title='bbox 500 1808 543 1851; x_wconf 94' lang='lat' dir='ltr'>in</span> <span class='ocrx_word' id='word_1_181' title='bbox 575 1808 683 1852; x_wconf 89' lang='lat' dir='ltr'>locis</span> <span class='ocrx_word' id='word_1_182' title='bbox 715 1823 792 1865; x_wconf 87' lang='lat' dir='ltr'>pro</span> <span class='ocrx_word' id='word_1_183' title='bbox 825 1813 977 1852; x_wconf 88' lang='lat' dir='ltr'>nostra</span> <span class='ocrx_word' id='word_1_184' title='bbox 1010 1808 1124 1852; x_wconf 91' lang='lat' dir='ltr'>virili</span> <span class='ocrx_word' id='word_1_185' title='bbox 1158 1808 1299 1852; x_wconf 90' lang='lat' dir='ltr'>officio</span> <span class='ocrx_word' id='word_1_186' title='bbox 1333 1812 1485 1851; x_wconf 90' lang='lat' dir='ltr'>nostro</span> <span class='ocrx_word' id='word_1_187' title='bbox 1518 1807 1756 1864; x_wconf 83' lang='lat' dir='ltr'>fungamur</span> <span class='ocrx_word' id='word_1_188' title='bbox 1787 1807 1814 1850; x_wconf 92' lang='lat' dir='ltr'>i.</span> <span class='ocrx_word' id='word_1_189' title='bbox 1847 1822 1883 1850; x_wconf 89' lang='lat' dir='ltr'>e.</span> 
     </span>
     <span class='ocr_line' id='line_1_23' title="bbox 192 1882 1854 1940; baseline -0.001 -13"><span class='ocrx_word' id='word_1_190' title='bbox 192 1884 355 1927; x_wconf 89' lang='lat' dir='ltr'>similia</span> <span class='ocrx_word' id='word_1_191' title='bbox 387 1884 578 1928; x_wconf 88' lang='lat' dir='ltr'>indicare</span> <span class='ocrx_word' id='word_1_192' title='bbox 612 1889 652 1928; x_wconf 89' lang='lat' dir='ltr'>et</span> <span class='ocrx_word' id='word_1_193' title='bbox 685 1884 965 1940; x_wconf 84' lang='lat' dir='ltr'>investigare,</span> <span class='ocrx_word' id='word_1_194' title='bbox 1001 1883 1064 1927; x_wconf 90' lang='lat' dir='ltr'>sic</span> <span class='ocrx_word' id='word_1_195' title='bbox 1090 1888 1136 1927; x_wconf 93' lang='lat' dir='ltr'>ut</span> <span class='ocrx_word' id='word_1_196' title='bbox 1169 1883 1280 1928; x_wconf 89' lang='lat' dir='ltr'>ratio</span> <span class='ocrx_word' id='word_1_197' title='bbox 1313 1883 1409 1933; x_wconf 83' lang='lat' dir='ltr'>fert,</span> <span class='ocrx_word' id='word_1_198' title='bbox 1445 1883 1560 1927; x_wconf 91' lang='lat' dir='ltr'>unde</span> <span class='ocrx_word' id='word_1_199' title='bbox 1594 1882 1854 1926; x_wconf 86' lang='lat' dir='ltr'>exstiterint.</span> 
     </span>
    </p>
   </div>
   <div class='ocr_carea' id='block_1_3' title="bbox 194 2034 1890 2989">
    <p class='ocr_par' dir='ltr' id='par_1_5' title="bbox 194 2034 1886 2535">
     <span class='ocr_line' id='line_1_24' title="bbox 253 2034 1885 2093; baseline -0.001 -14"><span class='ocrx_word' id='word_1_200' title='bbox 253 2036 301 2079; x_wconf 91' lang='lat' dir='ltr'>In</span> <span class='ocrx_word' id='word_1_201' title='bbox 350 2037 477 2093; x_wconf 88' lang='lat' dir='ltr'>Apol.</span> <span class='ocrx_word' id='word_1_202' title='bbox 527 2036 640 2080; x_wconf 85' lang='lat' dir='ltr'>Xen.</span> <span class='ocrx_word' id='word_1_203' title='bbox 689 2036 896 2080; x_wconf 87' lang='lat' dir='ltr'>Socrates</span> <span class='ocrx_word' id='word_1_204' title='bbox 945 2037 1335 2081; x_wconf 75' lang='lat' dir='ltr'>admirabundus</span> <span class='ocrx_word' id='word_1_205' title='bbox 1373 2035 1612 2092; x_wconf 83' lang='lat' dir='ltr'>interrogat</span> <span class='ocrx_word' id='word_1_206' title='bbox 1645 2034 1812 2079; x_wconf 89' lang='lat' dir='ltr'>amicos</span> <span class='ocrx_word' id='word_1_207' title='bbox 1844 2038 1885 2078; x_wconf 90' lang='lat' dir='ltr'>et</span> 
     </span>
     <span class='ocr_line' id='line_1_25' title="bbox 195 2110 1886 2169; baseline -0.003 -14"><span class='ocrx_word' id='word_1_208' title='bbox 195 2128 270 2156; x_wconf 79' lang='lat' dir='ltr'>eos</span> <span class='ocrx_word' id='word_1_209' title='bbox 316 2113 567 2169; x_wconf 75' lang='lat' dir='ltr'>adloquitur</span> <span class='ocrx_word' id='word_1_210' title='bbox 600 2112 744 2156; x_wconf 78' lang='lat' dir='ltr'>verbis</span> <span class='ocrx_word' id='word_1_211' title='bbox 786 2115 926 2157; x_wconf 76' lang='lat' dir='ltr'>duris</span> <span class='ocrx_word' id='word_1_212' title='bbox 958 2116 999 2155; x_wconf 73' lang='lat' dir='ltr'>et</span> <span class='ocrx_word' id='word_1_213' title='bbox 1028 2114 1252 2168; x_wconf 62' lang='lat' dir='ltr'>frigidis:</span> <span class='ocrx_word' id='word_1_214' title='bbox 1291 2114 1338 2151; x_wconf 89' lang='grc' dir='ltr'>Τί</span> <span class='ocrx_word' id='word_1_215' title='bbox 1367 2119 1504 2159; x_wconf 76' lang='grc' dir='ltr'><strong>τοῦτος</strong></span> <span class='ocrx_word' id='word_1_216' title='bbox 1536 2113 1663 2151; x_wconf 78' lang='grc' dir='ltr'><em>εἰπεῖν</em></span> <span class='ocrx_word' id='word_1_217' title='bbox 1695 2112 1831 2162; x_wconf 78' lang='grc' dir='ltr'><strong><em>αὐτόν,</em></strong></span> <span class='ocrx_word' id='word_1_218' title='bbox 1860 2110 1886 2163; x_wconf 74' lang='grc' dir='ltr'>ἢ</span> 
     </span>
     <span class='ocr_line' id='line_1_26' title="bbox 194 2187 1885 2242; baseline -0.001 -14"><span class='ocrx_word' id='word_1_219' title='bbox 194 2189 277 2240; x_wconf 72' lang='grc' dir='ltr'>ἄρτι</span> <span class='ocrx_word' id='word_1_220' title='bbox 311 2191 517 2241; x_wconf 48' lang='lat' dir='ltr'>&amp;stupeum</span> <span class='ocrx_word' id='word_1_221' title='bbox 560 2192 606 2229; x_wconf 85' lang='grc' dir='ltr'>οὐ</span> <span class='ocrx_word' id='word_1_222' title='bbox 639 2190 712 2242; x_wconf 77' lang='grc' dir='ltr'>γὰρ</span> <span class='ocrx_word' id='word_1_223' title='bbox 753 2191 875 2228; x_wconf 83' lang='grc' dir='ltr'><em>πάλαι</em></span> <span class='ocrx_word' id='word_1_224' title='bbox 905 2190 998 2240; x_wconf 77' lang='grc' dir='ltr'><em>ἴστε,</em></span> <span class='ocrx_word' id='word_1_225' title='bbox 1034 2189 1091 2228; x_wconf 79' lang='grc' dir='ltr'>ὅτι</span> <span class='ocrx_word' id='word_1_226' title='bbox 1129 2189 1166 2236; x_wconf 82' lang='grc' dir='ltr'>ἐξ</span> <span class='ocrx_word' id='word_1_227' title='bbox 1201 2189 1367 2239; x_wconf 76' lang='grc' dir='ltr'><em>ὅτουπερ</em></span> <span class='ocrx_word' id='word_1_228' title='bbox 1400 2187 1609 2240; x_wconf 82' lang='grc' dir='ltr'><em>ἐγενόμην,</em></span> <span class='ocrx_word' id='word_1_229' title='bbox 1639 2196 1885 2238; x_wconf 76' lang='grc' dir='ltr'><em>κατεψηφισ-</em></span> 
     </span>
     <span class='ocr_line' id='line_1_27' title="bbox 195 2262 1886 2317; baseline -0.001 -12"><span class='ocrx_word' id='word_1_230' title='bbox 195 2266 312 2316; x_wconf 80' lang='grc' dir='ltr'><em>μένος</em></span> <span class='ocrx_word' id='word_1_231' title='bbox 345 2262 395 2317; x_wconf 76' lang='grc' dir='ltr'>ἦν</span> <span class='ocrx_word' id='word_1_232' title='bbox 427 2282 504 2316; x_wconf 87' lang='grc' dir='ltr'>μου</span> <span class='ocrx_word' id='word_1_233' title='bbox 532 2266 611 2305; x_wconf 77' lang='grc' dir='ltr'>ὑπὸ</span> <span class='ocrx_word' id='word_1_234' title='bbox 644 2272 711 2316; x_wconf 83' lang='grc' dir='ltr'>τῆς</span> <span class='ocrx_word' id='word_1_235' title='bbox 745 2267 903 2315; x_wconf 75' lang='grc' dir='ltr'><em>φύσεως</em></span> <span class='ocrx_word' id='word_1_236' title='bbox 936 2264 955 2304; x_wconf 88' lang='grc' dir='ltr'>ὁ</span> <span class='ocrx_word' id='word_1_237' title='bbox 987 2266 1186 2312; x_wconf 75' lang='grc' dir='ltr'><em>θάνατοςς</em></span> <span class='ocrx_word' id='word_1_238' title='bbox 1219 2263 1340 2306; x_wconf 80' lang='lat' dir='ltr'>Haec</span> <span class='ocrx_word' id='word_1_239' title='bbox 1374 2263 1415 2305; x_wconf 86' lang='lat' dir='ltr'>in</span> <span class='ocrx_word' id='word_1_240' title='bbox 1449 2266 1639 2306; x_wconf 67' lang='lat' dir='ltr'>mentem</span> <span class='ocrx_word' id='word_1_241' title='bbox 1678 2265 1886 2305; x_wconf 76' lang='lat' dir='ltr'>revocant</span> 
     </span>
     <span class='ocr_line' id='line_1_28' title="bbox 195 2337 1886 2397; baseline -0.001 -14"><span class='ocrx_word' id='word_1_242' title='bbox 195 2340 475 2383; x_wconf 88' lang='lat' dir='ltr'>notissimum</span> <span class='ocrx_word' id='word_1_243' title='bbox 503 2355 766 2397; x_wconf 86' lang='lat' dir='ltr'>responsum</span> <span class='ocrx_word' id='word_1_244' title='bbox 788 2340 970 2384; x_wconf 86' lang='lat' dir='ltr'>alterius</span> <span class='ocrx_word' id='word_1_245' title='bbox 998 2339 1094 2383; x_wconf 90' lang='lat' dir='ltr'>duri</span> <span class='ocrx_word' id='word_1_246' title='bbox 1126 2338 1331 2389; x_wconf 88' lang='lat' dir='ltr'>hominis,</span> <span class='ocrx_word' id='word_1_247' title='bbox 1360 2338 1434 2396; x_wconf 88' lang='lat' dir='ltr'>qui</span> <span class='ocrx_word' id='word_1_248' title='bbox 1463 2342 1602 2381; x_wconf 86' lang='lat' dir='ltr'>morte</span> <span class='ocrx_word' id='word_1_249' title='bbox 1628 2337 1706 2381; x_wconf 89' lang='lat' dir='ltr'>filii</span> <span class='ocrx_word' id='word_1_250' title='bbox 1736 2337 1886 2381; x_wconf 85' lang='lat' dir='ltr'>audita</span> 
     </span>
     <span class='ocr_line' id='line_1_29' title="bbox 194 2412 1885 2472; baseline -0.002 -13"><span class='ocrx_word' id='word_1_251' title='bbox 194 2432 280 2459; x_wconf 93' lang='lat' dir='ltr'>non</span> <span class='ocrx_word' id='word_1_252' title='bbox 314 2416 540 2472; x_wconf 81' lang='lat' dir='ltr'>ignorasse</span> <span class='ocrx_word' id='word_1_253' title='bbox 573 2416 718 2459; x_wconf 89' lang='lat' dir='ltr'>aiebat</span> <span class='ocrx_word' id='word_1_254' title='bbox 749 2431 796 2459; x_wconf 90' lang='lat' dir='ltr'>se</span> <span class='ocrx_word' id='word_1_255' title='bbox 829 2415 1060 2459; x_wconf 91' lang='lat' dir='ltr'>mortalem</span> <span class='ocrx_word' id='word_1_256' title='bbox 1094 2429 1193 2458; x_wconf 88' lang='lat' dir='ltr'>eum</span> <span class='ocrx_word' id='word_1_257' title='bbox 1226 2413 1446 2470; x_wconf 86' lang='lat' dir='ltr'>genuisse.</span> <span class='ocrx_word' id='word_1_258' title='bbox 1481 2413 1637 2471; x_wconf 91' lang='lat' dir='ltr'>Neque</span> <span class='ocrx_word' id='word_1_259' title='bbox 1663 2412 1705 2456; x_wconf 92' lang='lat' dir='ltr'>in</span> <span class='ocrx_word' id='word_1_260' title='bbox 1736 2417 1885 2456; x_wconf 89' lang='lat' dir='ltr'>nostro</span> 
     </span>
     <span class='ocr_line' id='line_1_30' title="bbox 197 2491 898 2535; baseline -0.001 0"><span class='ocrx_word' id='word_1_261' title='bbox 197 2492 377 2535; x_wconf 88' lang='lat' dir='ltr'>Socrate</span> <span class='ocrx_word' id='word_1_262' title='bbox 412 2492 611 2535; x_wconf 89' lang='lat' dir='ltr'>miranda</span> <span class='ocrx_word' id='word_1_263' title='bbox 643 2496 744 2534; x_wconf 91' lang='lat' dir='ltr'>sunt</span> <span class='ocrx_word' id='word_1_264' title='bbox 778 2491 898 2535; x_wconf 88' lang='lat' dir='ltr'>haec.</span> 
     </span>
    </p>

    <p class='ocr_par' dir='ltr' id='par_1_6' title="bbox 197 2563 1887 2770">
     <span class='ocr_line' id='line_1_31' title="bbox 256 2563 1885 2622; baseline -0.002 -12"><span class='ocrx_word' id='word_1_265' title='bbox 256 2567 303 2609; x_wconf 92' lang='lat' dir='ltr'>In</span> <span class='ocrx_word' id='word_1_266' title='bbox 353 2567 515 2610; x_wconf 85' lang='lat' dir='ltr'>Phaed.</span> <span class='ocrx_word' id='word_1_267' title='bbox 567 2567 675 2610; x_wconf 86' lang='lat' dir='ltr'>Plat.</span> <span class='ocrx_word' id='word_1_268' title='bbox 723 2567 928 2610; x_wconf 87' lang='lat' dir='ltr'>Socrates</span> <span class='ocrx_word' id='word_1_269' title='bbox 968 2569 1071 2622; x_wconf 79' lang='lat' dir='ltr'>ipse</span> <span class='ocrx_word' id='word_1_270' title='bbox 1114 2568 1404 2622; x_wconf 76' lang='lat' dir='ltr'>tranquillus</span> <span class='ocrx_word' id='word_1_271' title='bbox 1447 2567 1735 2614; x_wconf 76' lang='lat' dir='ltr'>admiratur,</span> <span class='ocrx_word' id='word_1_272' title='bbox 1770 2563 1885 2622; x_wconf 92' lang='lat' dir='ltr'>quod</span> 
     </span>
     <span class='ocr_line' id='line_1_32' title="bbox 197 2637 1887 2698; baseline -0.005 -11"><span class='ocrx_word' id='word_1_273' title='bbox 197 2642 327 2687; x_wconf 87' lang='lat' dir='ltr'>amici</span> <span class='ocrx_word' id='word_1_274' title='bbox 368 2643 574 2687; x_wconf 88' lang='lat' dir='ltr'>lacrimas</span> <span class='ocrx_word' id='word_1_275' title='bbox 616 2659 702 2686; x_wconf 92' lang='lat' dir='ltr'>non</span> <span class='ocrx_word' id='word_1_276' title='bbox 745 2643 833 2687; x_wconf 90' lang='lat' dir='ltr'>iam</span> <span class='ocrx_word' id='word_1_277' title='bbox 866 2647 1015 2686; x_wconf 91' lang='lat' dir='ltr'>tenere</span> <span class='ocrx_word' id='word_1_278' title='bbox 1048 2646 1256 2698; x_wconf 89' lang='lat' dir='ltr'>possunt:</span> <span class='ocrx_word' id='word_1_279' title='bbox 1293 2639 1383 2691; x_wconf 83' lang='grc' dir='ltr'><em>Οἷα,</em></span> <span class='ocrx_word' id='word_1_280' title='bbox 1415 2643 1506 2693; x_wconf 79' lang='grc' dir='ltr'><strong><em>ἔφη,</em></strong></span> <span class='ocrx_word' id='word_1_281' title='bbox 1537 2646 1697 2692; x_wconf 74' lang='grc' dir='ltr'><em>ποιεῖτε,</em></span> <span class='ocrx_word' id='word_1_282' title='bbox 1722 2637 1751 2680; x_wconf 78' lang='grc' dir='ltr'><em>ὦ</em></span> <span class='ocrx_word' id='word_1_283' title='bbox 1783 2645 1887 2680; x_wconf 80' lang='grc' dir='ltr'>θαυ-</span> 
     </span>
     <span class='ocr_line' id='line_1_33' title="bbox 197 2721 483 2770; baseline 0 -12"><span class='ocrx_word' id='word_1_284' title='bbox 197 2721 334 2770; x_wconf 79' lang='grc' dir='ltr'><em>μάσιοι</em></span> <span class='ocrx_word' id='word_1_285' title='bbox 364 2736 397 2758; x_wconf 81' lang='grc' dir='ltr'>κ.</span> <span class='ocrx_word' id='word_1_286' title='bbox 416 2737 445 2758; x_wconf 83' lang='grc' dir='ltr'>τ.</span> <span class='ocrx_word' id='word_1_287' title='bbox 464 2724 483 2758; x_wconf 81' lang='grc' dir='ltr'><em>λ</em></span> 
     </span>
    </p>

    <p class='ocr_par' dir='ltr' id='par_1_7' title="bbox 197 2788 1890 2989">
     <span class='ocr_line' id='line_1_34' title="bbox 256 2788 1885 2850; baseline -0.002 -13"><span class='ocrx_word' id='word_1_288' title='bbox 256 2793 379 2845; x_wconf 85' lang='lat' dir='ltr'>Quae</span> <span class='ocrx_word' id='word_1_289' title='bbox 409 2794 572 2837; x_wconf 88' lang='lat' dir='ltr'>similia</span> <span class='ocrx_word' id='word_1_290' title='bbox 604 2794 639 2837; x_wconf 87' lang='lat' dir='ltr'>si</span> <span class='ocrx_word' id='word_1_291' title='bbox 673 2794 985 2850; x_wconf 84' lang='lat' dir='ltr'>coniungimus</span> <span class='ocrx_word' id='word_1_292' title='bbox 1024 2793 1156 2836; x_wconf 83' lang='lat' dir='ltr'>etiam</span> <span class='ocrx_word' id='word_1_293' title='bbox 1191 2808 1290 2835; x_wconf 90' lang='lat' dir='ltr'>cum</span> <span class='ocrx_word' id='word_1_294' title='bbox 1323 2792 1419 2835; x_wconf 94' lang='lat' dir='ltr'>loco</span> <span class='ocrx_word' id='word_1_295' title='bbox 1452 2792 1495 2835; x_wconf 88' lang='lat' dir='ltr'>in</span> <span class='ocrx_word' id='word_1_296' title='bbox 1530 2791 1780 2840; x_wconf 84' lang='lat' dir='ltr'>Phaedone,</span> <span class='ocrx_word' id='word_1_297' title='bbox 1812 2788 1885 2834; x_wconf 87' lang='lat' dir='ltr'>ubi</span> 
     </span>
     <span class='ocr_line' id='line_1_35' title="bbox 197 2864 1890 2926; baseline -0.004 -12"><span class='ocrx_word' id='word_1_298' title='bbox 197 2870 404 2914; x_wconf 86' lang='lat' dir='ltr'>Socrates</span> <span class='ocrx_word' id='word_1_299' title='bbox 436 2870 661 2913; x_wconf 90' lang='lat' dir='ltr'>Phaedoni</span> <span class='ocrx_word' id='word_1_300' title='bbox 694 2874 824 2926; x_wconf 87' lang='lat' dir='ltr'>caput</span> <span class='ocrx_word' id='word_1_301' title='bbox 857 2869 1091 2919; x_wconf 87' lang='lat' dir='ltr'>demulcet,</span> <span class='ocrx_word' id='word_1_302' title='bbox 1126 2884 1212 2912; x_wconf 93' lang='lat' dir='ltr'>non</span> <span class='ocrx_word' id='word_1_303' title='bbox 1246 2872 1432 2924; x_wconf 88' lang='lat' dir='ltr'>possunt</span> <span class='ocrx_word' id='word_1_304' title='bbox 1465 2882 1550 2910; x_wconf 93' lang='lat' dir='ltr'>non</span> <span class='ocrx_word' id='word_1_305' title='bbox 1581 2865 1725 2910; x_wconf 91' lang='lat' dir='ltr'>vivide</span> <span class='ocrx_word' id='word_1_306' title='bbox 1757 2864 1890 2909; x_wconf 91' lang='lat' dir='ltr'>admi-</span> 
     </span>
     <span class='ocr_line' id='line_1_36' title="bbox 197 2945 636 2989; baseline 0 -1"><span class='ocrx_word' id='word_1_307' title='bbox 197 2945 413 2989; x_wconf 85' lang='lat' dir='ltr'>rationem</span> <span class='ocrx_word' id='word_1_308' title='bbox 447 2960 636 2988; x_wconf 87' lang='lat' dir='ltr'>movere.</span> 
     </span>
    </p>
   </div>
  </div>
 </body>
</html>
