2019 3299
1044 175 1101 216 94

284 298 485 341 Vidimus
512 303 648 341 totam
680 298 1006 341 accusationem
1027 299 1199 342 duobus
1217 300 1474 343 criminibus
1492 305 1709 350 constare,
1729 301 1913 345 alterum

223 390 321 417 esse
348 373 598 430 impietatis,
630 373 816 417 alterum
846 374 1132 430 corruptelae.
1151 374 1368 431 Separata
1384 391 1486 432 ergo
1506 376 1612 419 haec
1629 376 1714 419 duo
1733 376 1916 421 crimina

223 454 359 498 erant,
395 454 439 491 ut
473 453 538 492 est
570 449 685 505 apud
721 449 844 505 Diog.
881 449 1030 493 Laert:
1060 451 1194 490 ἀδικεῖ
1221 451 1262 491 ὁὲ
1295 453 1379 491 καὶ
1412 469 1445 491 κ.
1466 469 1482 490 t
1511 457 1542 490 λ.
1575 450 1742 502 Quodsi
1768 451 1914 495 Xeno-

226 524 431 579 phontem
460 524 796 580 interrogamus,
825 524 926 581 quid
956 540 1058 581 ergo
1087 525 1293 569 Socrates
1319 526 1587 570 commiserit
1611 532 1655 570 ut
1675 527 1918 571 adversarii

224 599 305 642 hoc
349 615 522 656 quoque
571 599 752 643 crimine
801 616 900 643 eum
944 606 1217 652 accusarent,
1263 617 1525 657 responsum
1570 602 1698 646 nobis
1740 603 1916 648 dabitur

222 679 388 717 certum
421 674 587 718 clarum
619 675 703 728 (19,
738 676 807 725 20,
837 676 922 729 21).
953 676 1133 733 Propter
1163 680 1349 717 παιὸείαν
1383 677 1502 721 illam
1532 677 1689 734 capitis
1716 678 1917 723 damnari

224 765 321 792 eum
367 749 572 793 volebant
623 752 782 802 (τούτου
833 752 947 791 ἕνεκα
1000 754 1182 792 θανάτου
1230 753 1309 792 ὑπὸ
1357 761 1430 793 σοῦ
1479 755 1697 794 διώκεσθαι
1742 753 1814 797 21.
1861 754 1915 798 cf.

225 825 470 882 Eutliyphr.
504 826 615 869 Plat.
648 828 674 870 3
695 826 772 878 C.).

282 901 412 945 Nunc
445 906 593 945 autem
625 902 678 945 ad
713 902 942 946 Platonem
977 908 1266 947 revertamur.

285 977 345 1020 De
392 977 651 1021 educatione
692 982 823 1035 atque
862 978 1141 1022 institutione
1179 979 1221 1022 in
1264 979 1520 1023 criminibus
1554 979 1802 1024 refutandis
1836 980 1918 1024 hoc

224 1053 398 1110 quidem
446 1053 540 1096 loco
589 1069 730 1110 neque
778 1054 1007 1097 Socratem
1051 1070 1191 1112 neque
1241 1055 1449 1099 Meletum
1495 1055 1728 1113 quicquam
1774 1055 1916 1099 dicere

225 1129 445 1173 audimus.
480 1129 645 1173 Contra
677 1129 839 1173 crimen
874 1131 1148 1187 corruptelae
1190 1131 1472 1175 coniunctum
1508 1136 1573 1175 est
1605 1147 1702 1175 cum
1737 1131 1918 1175 crimine

225 1204 485 1262 impietatis!
530 1204 626 1255 Quo
659 1205 816 1248 melius
843 1210 991 1249 autem
1026 1207 1344 1264 perspiciamus
1386 1207 1607 1264 quomodo
1640 1223 1741 1251 reus
1773 1207 1916 1251 Plato-

225 1282 350 1324 nicus
397 1296 577 1324 causam
626 1281 753 1331 dicat,
805 1286 1055 1325 statuamus
1102 1298 1282 1326 necesse
1317 1288 1381 1326 est
1418 1284 1531 1327 hanc
1563 1282 1915 1326 coniunctionem

226 1358 280 1401 ab
309 1358 403 1415 ipso
422 1373 495 1401 reo
523 1357 720 1414 proponi,
749 1357 942 1401 confiteri
970 1358 1124 1401 deinde
1152 1358 1471 1402 adversarium,
1496 1358 1617 1402 Reus
1641 1358 1756 1402 enim
1776 1358 1919 1402 adhuc

225 1433 426 1489 ignorare
491 1433 660 1476 videtur
721 1433 941 1490 quomodo
998 1433 1181 1477 iuvenes
1233 1434 1490 1490 corruperit.
1540 1433 1665 1484 Quod
1714 1433 1917 1477 demiror.

226 1509 385 1553 Nonne
431 1509 566 1553 verba
612 1508 807 1552 fecerunt
857 1508 1055 1555 Meletus,
1100 1509 1289 1566 Anytus,
1333 1509 1496 1566 Lycon,
1539 1509 1627 1559 alii,
1673 1514 1712 1552 et
1757 1509 1916 1560 verbis,

226 1584 512 1641 argumentis,
571 1584 698 1627 factis
755 1584 1167 1634 commemorandis,
1226 1584 1489 1628 testimoniis
1537 1584 1722 1628 crimina
1768 1584 1919 1628 confir-

227 1664 462 1703 maverunt
511 1664 552 1702 et
609 1659 976 1703 illustraverunt?
1025 1659 1174 1703 Oratio
1223 1659 1369 1703 Meleti
1418 1675 1639 1716 nusquam
1691 1660 1774 1703 hoc
1821 1659 1918 1702 loco

226 1740 610 1784 commemoratur,
645 1751 730 1778 non
768 1735 988 1785 laudatur,
1033 1751 1118 1779 non
1152 1735 1380 1784 refutatur,
1416 1735 1548 1779 immo
1583 1751 1764 1793 prorsus
1798 1735 1918 1792 igno-

225 1816 360 1855 ratur.
407 1810 535 1868 Apud
584 1810 813 1854 Platonem
857 1816 1137 1855 accusatores
1185 1811 1475 1866 orationibus,
1509 1827 1619 1868 quas
1654 1811 1918 1861 habuerunt,

227 1887 390 1930 crimen
446 1886 720 1942 corruptelae
769 1902 821 1930 ne
870 1886 1065 1943 tetigisse
1112 1887 1289 1944 quidem
1343 1887 1546 1930 videntur
1779 1902 1920 1943 neque

226 1963 391 2005 crimen
450 1977 664 2005 novorum
728 1962 1084 2006 daemoniorum!
1136 1963 1198 2006 De
1245 1968 1433 2020 utroque
1480 1964 1595 2006 enim
1646 1962 1828 2006 crimine
1876 1961 1917 2005 in

228 2038 359 2081 dubio
393 2043 458 2081 est
492 2054 606 2081 reus.

288 2114 448 2171 Utique
496 2114 550 2157 ad
597 2114 793 2157 libellum
842 2115 1110 2158 accusatoris
1158 2115 1377 2171 confugit3
1427 2131 1524 2159 eam
1570 2119 1733 2161 autem,
1777 2112 1806 2155 ὦ
1839 2119 1916 2155 Ζεῦ

227 2191 290 2229 καὶ
333 2192 435 2239 θεοί,
476 2189 623 2232 furtim
668 2194 821 2233 mutat.
864 2190 986 2240 Quae
1029 2190 1184 2233 deinde
1229 2195 1474 2247 sequuntur
1517 2205 1614 2234 eam
1650 2190 1705 2233 ob
1734 2204 1914 2233 causam

228 2264 376 2308 addita
431 2269 533 2307 sunt
582 2270 628 2308 ut
677 2281 842 2308 novum
891 2265 1055 2309 furtum
1105 2271 1282 2322 parent:
1333 2266 1415 2306 εἰπὲ
1463 2269 1515 2306 ἔτι
1564 2266 1807 2318 σαφέστερον
1854 2266 1918 2305 καὶ

227 2341 313 2391 ἐμοὶ
353 2341 418 2380 καὶ
459 2346 538 2388 τοῖς
585 2341 780 2393 ἀνδράσιν
823 2343 1009 2382 τουτοισί.
1053 2342 1127 2394 ἐγὼ
1173 2343 1246 2394 γὰρ
1280 2343 1327 2382 οὐ
1361 2344 1539 2392 δύναμαι
1571 2346 1718 2392 μαθεῖν
1749 2342 1918 2392 πότερον

226 2417 347 2469 λέγεις
393 2418 597 2456 διδάσκειν
645 2433 690 2468 με
736 2418 910 2469 νομίζειν
952 2414 1055 2457 εἶναι
1101 2419 1239 2467 θεούς,
1279 2417 1344 2457 καὶ
1378 2418 1496 2465 αὐτὸς
1529 2417 1604 2468 ἄρα
1636 2418 1783 2468 νομίζω
1816 2413 1917 2456 εἶναι

228 2494 364 2541 θεούς,
403 2493 468 2532 καὶ
511 2494 584 2533 οὐκ
625 2493 703 2544 εἰμὶ
744 2494 785 2533 τὸ
828 2494 1018 2544 παράπαν
1066 2493 1188 2540 ἄθεος
1240 2492 1334 2533 οὐδὲ
1375 2495 1497 2548 ταύτῃ
1535 2492 1674 2543 ἀδικῶ,
1705 2493 1751 2532 οὐ
1784 2491 1916 2542 μέντοι

228 2569 375 2619 οὕσπερ
417 2584 459 2621 γε
500 2567 523 2618 ἡ
564 2569 690 2620 πόλις,
729 2566 804 2608 ἀλλ’
842 2568 1013 2621 ἑτέρους,
1057 2569 1124 2608 καὶ
1169 2567 1267 2608 τοῦτ’
1315 2569 1418 2609 ἔστιν
1460 2567 1480 2608 ὃ
1523 2584 1589 2618 μοι
1631 2568 1818 2620 ἐγκαλεῖς,
1860 2567 1915 2606 ὅτι

228 2643 393 2694 ἑτέρους
435 2643 460 2695 ἢ
492 2645 724 2683 παντάπασί
752 2660 798 2695 με
830 2644 908 2695 φὴς
943 2644 1033 2684 οὔτε
1065 2645 1189 2684 αὐτὸν
1224 2647 1396 2695 νομίζειν
1428 2644 1552 2691 θεοὺς
1584 2645 1676 2691 τούς
1703 2659 1741 2682 τε
1773 2642 1915 2689 ἄλλους

229 2727 350 2758 ταῦτα
381 2721 596 2758 διδάσκειν.

291 2793 380 2836 [am
427 2793 677 2837 SCHANZIUS
725 2794 766 2836 in
815 2793 1099 2837 adnotatione
1144 2793 1186 2844 (l.
1222 2793 1248 2835 l.
1296 2808 1394 2849 pag.
1442 2793 1539 2844 154)
1577 2793 1684 2836 haec
1716 2791 1910 2848 scripsit:

234 2868 339 2923 „Die
370 2868 510 2924 Frage
542 2869 611 2918 ist,
644 2869 699 2912 ob
732 2869 943 2912 Sokrates
975 2884 1090 2911 zwar
1124 2868 1238 2910 nicht
1268 2883 1322 2911 an
1351 2868 1418 2911 die
1448 2867 1599 2911 Gotter
1625 2867 1701 2910 des
1720 2867 1911 2916 Staates·‚

230 2944 334 2987 aber
373 2944 483 2987 doch
524 2959 579 2986 an
623 2944 783 2987 andere
820 2944 987 2999 glaubt,
1021 2944 1125 2986 oder
1155 2943 1210 2985 ob
1243 2959 1288 2985 er
1320 2943 1387 2985 die
1421 2942 1625 2986 Existenz
1658 2942 1733 2985 der
1764 2941 1913 2984 Gotter
