2019 3299
430 409 525 464 §7-

72 565 184 609 Xen.
216 565 297 621 Ap,
331 566 371 608 9.

129 643 182 692 μά
214 639 298 689 Δί’,
332 641 455 679 εἰπεῖν
487 640 623 689 αὐτόν,
649 635 840 689 ὦἽΞρμό-

71 732 191 770 γενες,
231 716 304 768 ἐγὼ
332 723 453 755 ταῦτα
494 710 588 754 οὐδὲ
629 714 842 765 προθυμήν
905 718 906 722 ’

71 805 202 843 σομαι,
241 788 319 830 ἀλλ’
365 791 468 830 ὅσων
510 790 653 840 νομίζω
686 804 843 839 τετυχη-

73 867 183 907 κέναι
224 870 356 905 καλῶν
393 865 458 904 καὶ
501 864 607 915 παρὰ
639 869 746 903 θεῶν
778 863 844 902 καὶ

71 939 160 992 παρ’
194 941 423 992 ἀνθρώπων
455 939 520 978 καὶ
546 937 595 990 ἣν
624 939 696 990 ἐγὼ
723 939 843 985 δόξαν

72 1017 143 1068 ἔχω
197 1015 286 1066 περὶ
330 1015 516 1066 ἐμαυτοῦ,
557 1016 703 1065 ταύτην
749 1013 844 1052 ἀνα-

54 1093 230 1143 Δφαίνων
266 1093 298 1131 εἰ
328 1094 491 1143 βαρυνῶ
524 1091 615 1137 τοὺς
647 1090 846 1135 δικαστάς,

588 408 635 450 F.
672 408 739 449 De
782 407 1056 450 libertate
1089 407 1379 464 loquendi.

904 579 905 582 ¹
967 562 1094 619 Apol.
1129 563 1238 606 Plat.
1270 565 1327 607 38
1345 564 1393 607 E.

967 637 1045 677 ἀλλ’
1089 639 1178 678 οὔτε
1223 641 1305 678 τότε
1346 641 1488 694 ᾠήθην
1516 641 1599 679 δεῖν
1631 640 1744 679 ἕνεκα

968 720 1036 752 τοῦ
1063 716 1257 753 κινδύνου
1284 717 1429 764 πρᾶξαι
1456 714 1610 755 οὐδὲν
1642 715 1745 755 ἀνε-

971 791 1227 839 λεύθερον
1270 789 1386 829 οὔτε
1430 797 1525 829 νῦν
1558 807 1638 840 μοι
1672 806 1744 841 με-

971 864 1178 914 ταμέλει
1220 866 1381 912 οὕτως
1423 865 1747 917 ἀπολογησα-

973 940 1102 995 μένῳ
1173 939 1298 978 ἀλλὰ
1359 941 1489 979 πολὺ
1552 944 1747 990 μᾶλλον

973 1016 1227 1065 αἱροῦμαι
1286 1010 1381 1054 ὧδε
1431 1012 1747 1067 ἀπολογησά-

973 1106 1125 1139 μενος
1178 1091 1433 1129 τεθνάναι
1475 1090 1499 1142 71¹]
1536 1091 1748 1137 ἐκείνως

74 1169 358 1218 αἱρήσομαι
429 1169 672 1205 τελευτᾶν
733 1168 844 1215 μᾶλ-
974 1168 1074 1216 ζῆν,

73 1246 160 1281 λον
203 1241 227 1293 ἢ
269 1240 631 1291 ἀνελευθέρως
674 1240 725 1278 τὸ
759 1241 845 1290 ζῆν

592 1316 848 1365 κερδᾶναι
910 1331 912 1335 ’

74 1319 148 1357 ἔτι
219 1324 522 1368 προσαιτῶν

74 1394 160 1433 τὸν
207 1393 335 1432 πολὺ
382 1393 530 1443 χείρω
578 1392 694 1442 βίον
736 1389 850 1429 ἀντὶ

74 1469 322 1508 θανάτου.

130 1591 258 1647 Apud
309 1595 541 1647 utrumque
587 1589 842 1646 scriptorem
890 1588 1042 1632 eadem
1091 1587 1309 1631 sententia
1356 1587 1491 1631 isdem
1542 1587 1631 1630 fere
1685 1587 1750 1629 vel

74 1668 292 1711 similibus
335 1667 491 1709 verbis.
528 1665 662 1722 Igitur
694 1665 760 1708 bis
793 1665 901 1708 haec
933 1664 992 1708 ita
1024 1680 1050 1707 a
1082 1664 1261 1708 Socrate
1294 1663 1441 1707 dicta‘?
1475 1663 1574 1706 Non
1610 1663 1750 1706 credo.

76 1743 188 1795 Quid
221 1743 387 1799 igitur?

134 1818 274 1861 Nobis
320 1822 411 1860 tota
457 1816 672 1872 Apologia
715 1815 823 1858 Plat.
868 1814 1158 1872 (quamquam
1193 1814 1404 1857 nonnulla
1436 1813 1609 1857 exhibet
1642 1828 1753 1871 quae

76 1910 119 1937 re
168 1909 271 1937 vera
311 1908 337 1936 a
379 1893 557 1936 Socrate
599 1899 699 1935 ante
743 1891 906 1934 iudices
939 1891 1054 1934 diota
1086 1906 1183 1933 esse
1218 1890 1432 1943 videntur)
1462 1905 1570 1946 opus
1604 1889 1752 1932 fictum

77 1975 163 2018 est;
212 1968 339 2012 tertia
385 1973 426 2011 et
472 1973 666 2010 extrema
707 1982 809 2023 pars
848 1966 978 2009 liuius
1013 1965 1294 2022 pulcherrimi
1328 1964 1475 2021 scripti
1510 1965 1586 2017 (38
1604 1964 1753 2008 C—ad

76 2044 242 2098 finem),
286 2043 394 2086 satis
430 2043 563 2098 longa
604 2047 644 2084 et
686 2041 1107 2097 contemplationum
1150 2039 1578 2097 sapientissimarum
1614 2039 1755 2093 plena,

76 2120 286 2164 acerrimo
334 2134 507 2176 quoque
554 2118 796 2175 Apologiae
844 2117 953 2160 Plat.
1003 2116 1316 2174 propugnatori
1362 2132 1399 2159 v.
1443 2115 1755 2158 W1LAMOW1TZ

75 2195 206 2253 (apud
240 2194 432 2237 WETZEL
464 2194 522 2236 l.l.
557 2210 652 2250 pag.
686 2195 773 2237 390
797 2193 838 2235 in
865 2193 1165 2237 adnotatione)
1195 2191 1501 2235 commenticia
1529 2191 1757 2233 videbatur

76 2274 244 2318 (eontra
289 2270 567 2313 vehementer
609 2284 752 2312 errare
788 2294 838 2299 —
878 2283 1006 2324 „ai-ge
1050 2266 1320 2322 Ve1·irrung’'
1353 2291 1409 2296 ——
1442 2266 1543 2309 dicit
1574 2282 1650 2309 eos
1683 2265 1756 2322 qui

77 2351 210 2389 totam
267 2345 526 2400 Apologiam
576 2359 685 2400 opus
728 2344 959 2386 confictum
1009 2343 1202 2389 habent).
1255 2342 1375 2385 Haec
1416 2357 1588 2398 quoque
1624 2341 1758 2383 verba

80 2421 207 2464 modo
245 2420 423 2463 laudata
464 2419 537 2473 (38
556 2419 604 2473 E)
645 2418 797 2476 ecquid
841 2418 967 2461 nobis
1010 2417 1225 2460 eiusmodi
1270 2416 1476 2459 indicium
1513 2416 1756 2473 praebent?

138 2495 330 2538 Verbum
363 2496 577 2545 αἱρήσομαι
611 2494 725 2550 apud
759 2493 1101 2549 Xenophontem
1136 2507 1262 2535 suam
1297 2491 1379 2534 sibi
1415 2491 1499 2534 vim
1535 2491 1687 2534 habet:
1721 2490 1757 2532 si

78 2570 241 2614 iudices
274 2585 341 2612 me
374 2569 505 2612 libere
539 2584 679 2612 meam
716 2568 766 2611 de
800 2583 866 2610 me
899 2567 1161 2611 sententiam
1196 2566 1363 2623 aperire
1396 2566 1578 2609 moleste
1606 2564 1758 2613 ferent,

81 2661 165 2688 non
212 2646 442 2689 retinebor
489 2645 670 2700 (futuro
710 2646 952 2698 tempor-el)
997 2642 1132 2685 nimio
1167 2641 1281 2684 vitae
1309 2656 1458 2684 amore
1485 2640 1589 2697 quin
1620 2640 1680 2683 ita
1711 2644 1759 2682 ut

79 2720 247 2763 institui
279 2719 397 2776 loqui
431 2734 621 2776 pergam.
655 2717 818 2761 Contra
845 2717 960 2773 apud
990 2716 1219 2759 Platonem
1249 2716 1356 2759 haec
1378 2718 1487 2770 post
1519 2714 1758 2758 damnatio-

79 2811 176 2838 nem
194 2795 308 2838 dicta
325 2799 439 2841 sunt,
460 2809 557 2837 cum
575 2792 802 2836 arbitrium
823 2792 1009 2848 eligendi
1029 2807 1114 2834 non
1135 2791 1220 2834 iam
1236 2791 1274 2833 ei
1288 2795 1468 2834 restaret
1483 2790 1599 2836 (πολὺ
1613 2795 1759 2839 μᾶλλον

79 2870 296 2923 αἱροῦμαι).
325 2868 482 2911 Actum
511 2867 625 2911 enim
645 2872 724 2916 est,
744 2867 858 2924 quod
879 2867 971 2922 ipse
991 2866 1122 2923 paulo
1142 2870 1240 2922 post
1258 2865 1509 2908 confitetur:
1543 2865 1598 2907 39
1619 2864 1666 2907 B.
1687 2865 1759 2917 ἐγὼ

81 2945 150 2996 μὲν
177 2947 242 2985 ἅτε
272 2946 422 2996 βραδὺς
455 2943 509 2983 ὢν
538 2945 601 2982 καὶ
633 2946 856 2995 πρεσβύτης
888 2943 962 2981 ὑπὸ
990 2949 1058 2980 τοῦ
1092 2943 1337 2994 βραδυτέρου
1369 2941 1539 2980 ἑάλων.
