2019 3299
1065 164 1120 205 22

201 324 204 329 ⁴
245 288 298 332 cf.
343 289 457 332 Xen.
501 286 628 344 Apol.
672 287 711 329 6.
756 285 1066 343 Xenophontis
1109 286 1424 329 obtrectatores
1456 285 1528 342 qui
1562 285 1824 329 contendunt
1859 284 1931 329 ad·

246 365 423 407 modum
469 364 686 407 infirmam
720 379 816 406 eam
851 379 949 406 esse
983 363 1196 419 prolatam
1231 378 1410 406 causam
1446 367 1486 405 et
1514 361 1754 410 Socratem,
1787 361 1850 405 sic
1886 365 1932 405 ut

245 439 500 495 Sophocles,
535 438 799 495 Aeschylus,
833 438 922 487 alii,
958 442 1102 481 mente
1130 438 1299 493 integra
1320 437 1562 493 nonaginta
1579 432 1720 481 annos
1737 437 1933 494 potuisse

245 515 477 571 complere,
519 514 747 557 Platonem
792 513 1031 570 inspiciant
1076 513 1204 556 velim
1248 513 1321 556 ubi
1356 513 1562 556 Socrates
1593 513 1756 570 apertis
1790 511 1935 556 verbis

244 589 345 633 dicit
378 606 424 633 se
459 590 590 634 vitam
625 590 751 648 quasi
791 590 996 647 poculum
1034 606 1173 647 usque
1206 591 1260 634 ad
1294 590 1478 633 fundum
1506 589 1765 633 exhausisse
1792 605 1935 647 neque

245 665 381 709 ullam
423 670 591 722 guttam
634 666 830 710 relictam
874 681 986 709 esse.
1030 666 1192 709 Phaed.
1232 665 1369 709 117A
1397 667 1627 719 γλιχόμενος
1659 673 1730 706 τοῦ
1765 669 1836 717 ζῆν
1869 666 1935 706 καὶ

244 744 481 793 φειδόμενος
514 743 737 790 οὐδενὸς
775 742 849 782 ἔτι
883 742 1105 789 ἐνόντος.

304 816 602 873 Defatigatum
641 832 738 860 esse
781 832 828 860 se
882 816 1112 860 laboribus
1169 816 1259 873 ipse
1287 816 1479 859 declarat
1515 815 1624 859 Plat.
1653 815 1781 873 Apol.
1808 815 1863 859 41
1884 816 1935 860 D.

244 894 322 945 ἤδη
353 896 545 934 τεθνάναι
576 894 660 933 καὶ
692 893 1021 945 ἀπηλλάχθαι
1053 894 1368 945 πραγμάτων
1401 892 1607 944 βέλτιον
1639 888 1699 944 ἦν
1731 908 1832 944 μοι.

304 967 538 1012 Damnatio
582 982 685 1024 ergo
727 967 765 1010 ei
809 982 963 1010 nocere
1009 966 1095 1010 iarn
1139 982 1225 1010 non
1276 965 1429 1023 potuit,
1475 981 1615 1024 neque
1649 982 1749 1010 eum
1783 966 1932 1010 dolore

245 1044 415 1087 afficere
463 1059 605 1101 neque
653 1043 749 1086 eius
795 1043 993 1087 animum
1036 1043 1179 1087 anxiis
1223 1043 1339 1087 curis
1378 1042 1575 1100 implere.
1618 1042 1741 1086 Nihil
1784 1043 1932 1087 damni

244 1119 431 1163 faciebat
463 1119 579 1177 quod
614 1120 703 1163 vita
735 1119 995 1176 privaretur.
1017 1119 1141 1162 Ultro
1175 1118 1329 1162 elicere
1362 1118 1690 1163 damnationem
1727 1123 1767 1162 et
1798 1118 1934 1163 laces-

244 1211 339 1239 sere
371 1195 534 1239 iudices
567 1195 609 1238 in
642 1195 790 1239 animo
823 1195 861 1238 ei
896 1210 982 1238 non
1017 1199 1121 1238 erat.
1156 1194 1423 1238 Libertatem
1456 1210 1582 1238 suam
1610 1194 1868 1238 indomitam
1893 1198 1934 1237 et

244 1271 454 1315 ferociam
498 1286 629 1328 quam
671 1286 747 1328 per
789 1275 925 1314 totam
970 1271 1105 1314 vitam
1152 1270 1261 1314 nulli
1296 1270 1465 1313 homini
1499 1270 1761 1327 deposuerat
1794 1285 1934 1328 neque

244 1353 346 1392 ante
379 1348 544 1391 iudices
576 1363 896 1405 suppressurus
929 1353 1035 1391 erat.
1070 1346 1212 1398 Quam
1247 1346 1283 1390 si
1315 1346 1427 1390 ferre
1459 1362 1546 1389 non
1575 1350 1788 1402 poterant,
1815 1361 1934 1389 mors

245 1424 283 1468 ei
324 1423 561 1467 humilitati
603 1423 914 1480 anteponenda
954 1423 1197 1466 videbatur.
1238 1422 1286 1465 In
1330 1421 1509 1466 inutiles
1541 1422 1685 1475 fletus,
1717 1420 1936 1479 querelas,

246 1515 395 1557 preces
437 1516 483 1543 se
526 1499 719 1556 proicere
761 1498 1023 1555 dedignatus
1056 1503 1135 1542 est.
1179 1498 1232 1542 cf.
1266 1498 1381 1541 Xen.
1424 1497 1552 1555 Apol.
1585 1499 1627 1547 9,
1659 1497 1770 1541 Plat.
1803 1496 1933 1554 Apol.

243 1577 301 1620 38
345 1575 433 1618 DE.
477 1575 590 1626 Quid
633 1575 786 1619 enim?
828 1574 931 1618 Mox
979 1579 1167 1618 naturae
1209 1574 1447 1617 concedere
1487 1573 1689 1623 debebat,
1722 1588 1842 1616 mors
1873 1572 1935 1616 in-

244 1652 405 1696 stabat.
436 1652 617 1695 Duobus
639 1651 774 1708 igitur
800 1650 1105 1695 fundamentis
1128 1650 1223 1694 eius
1250 1649 1460 1707 superbia
1486 1654 1528 1693 et
1556 1648 1935 1707 magniloquentia

244 1727 479 1777 nitebatur,
511 1732 552 1771 et
583 1728 699 1785 quod
736 1727 870 1770 vitam
899 1742 1026 1771 suam
1060 1726 1114 1770 ad
1142 1726 1272 1769 finem
1307 1725 1569 1782 perduxerat
1598 1729 1639 1768 et
1671 1724 1800 1782 quod,
1833 1739 1931 1768 cum

246 1804 354 1847 haec
395 1803 490 1846 eius
534 1803 704 1847 indoles
747 1808 880 1853 esset,
925 1802 1121 1847 animum
1159 1802 1474 1859 ingeniumque
1505 1806 1679 1845 mutare
1711 1800 1936 1858 nequibat.

245 1879 313 1922 lta
357 1878 636 1936 perspicuum
679 1878 726 1921 fit
769 1883 808 1922 et
851 1878 1009 1921 melius
1050 1877 1319 1934 intellegitur
1351 1893 1436 1935 quo
1469 1881 1633 1921 factum
1667 1876 1724 1920 sit
1755 1881 1802 1920 ut
1833 1881 1936 1920 ante

246 1954 410 1998 iudices
443 1959 642 2011 surgeret
673 1958 715 1997 et
743 1954 845 2008 alta,
875 1959 918 1997 ut
948 1954 1052 1997 itam
1081 1953 1238 2003 dicam,
1268 1969 1372 1997 voce
1400 1969 1526 1997 suam
1555 1953 1695 2011 ipsius
1728 1951 1931 1995 virtutem

248 2030 534 2086 praedicaret.
577 2030 750 2073 Acerba
786 2029 960 2087 quidem
993 2045 1045 2073 ea
1077 2028 1285 2086 superbia
1317 2033 1383 2072 est
1414 2044 1557 2086 neque
1588 2028 1773 2077 urbana,
1807 2026 1935 2070 nobis

250 2111 395 2149 tamen
442 2106 637 2162 pulchra.
681 2105 764 2156 Qui
803 2105 1100 2149 urbanitatem
1144 2110 1185 2148 et
1226 2103 1555 2148 simulationem
1602 2131 1651 2136 —
1696 2108 1815 2147 totus
1846 2102 1937 2146 fere

247 2182 436 2225 mundus
479 2181 736 2224 histrionem
780 2196 983 2224 exercere
1029 2180 1200 2224 videtur
1234 2207 1283 2212 -
1318 2179 1496 2237 plurimi
1538 2180 1656 2229 facit,
1689 2180 1933 2223 modestam

246 2258 297 2300 de
339 2273 386 2300 se
420 2257 687 2314 opinionem.
722 2256 758 2299 si
792 2272 878 2299 non
913 2256 1091 2305 habere,
1125 2261 1319 2299 attamen
1353 2255 1498 2312 palam
1533 2255 1762 2299 ostendere
1794 2255 1935 2304 debet,

246 2349 387 2389 neque
417 2333 455 2375 ei
483 2333 579 2376 licet
607 2332 828 2376 laudando
856 2348 903 2376 se
932 2336 1018 2375 met
1045 2332 1189 2389 ipsum
1219 2331 1438 2374 extollere.
1466 2331 1671 2374 Socrates
1700 2346 1801 2374 vero
1833 2335 1935 2374 ante

246 2409 412 2452 iudices
471 2414 689 2465 pugnator
743 2408 924 2460 exstitit,
980 2424 1067 2451 non
1115 2407 1308 2451 demissa
1355 2422 1460 2450 voce
1506 2406 1724 2450 iudicibus
1771 2405 1934 2463 suppli·

246 2500 365 2534 cans,
388 2510 436 2515 —-
457 2487 529 2533 ξὺν
561 2494 611 2541 τῷ
645 2488 784 2542 δικαίῳ
821 2486 895 2538 γὰρ
928 2484 1006 2538 μέγ’
1043 2486 1189 2532 ἔξεστιν
1226 2489 1392 2537 φρονεῖν
1420 2482 1571 2534 -‚Sed
1600 2482 1933 2526 minitabundus

246 2563 364 2612 δῆλος
406 2561 461 2601 ὢν
499 2562 617 2601 παντὶ
656 2562 721 2601 καὶ
763 2563 870 2601 πάνυ
907 2562 1135 2611 πόρρωθεν,
1167 2560 1223 2599 ὅτι
1261 2560 1293 2599 εἰ
1325 2560 1469 2608 ἅψεται
1500 2561 1642 2599 τούτου
1675 2566 1744 2598 τοῦ
1776 2558 1938 2610 ἀνδρός,

246 2639 348 2686 μάλα
391 2637 618 2688 ἐρρωμένως
660 2637 876 2687 ἀμυνεῖται.
920 2635 1141 2692 Apologia
1183 2634 1314 2678 fiebat
1356 2649 1530 2677 carmen
1575 2649 1661 2690 quo
1703 2648 1808 2677 suas
1840 2632 1933 2690 ipse

246 2711 400 2754 laudes
442 2712 610 2755 cecinit.
654 2712 801 2755 Laude
851 2727 936 2755 non
981 2726 1123 2768 poena
1165 2710 1324 2766 dignus
1357 2714 1471 2758 erat;
1505 2709 1648 2765 gratia
1679 2709 1932 2757 debebatur,

248 2803 333 2831 non
383 2787 620 2830 damnatio.
665 2787 763 2830 'l'ali
812 2786 1010 2830 oratione
1062 2786 1227 2829 iudices
1273 2784 1552 2842 exasperavit
1599 2784 1638 2828 id
1686 2784 1800 2841 quod
1845 2798 1931 2826 non

249 2862 496 2919 ignorabat,
542 2862 670 2918 Apol.
703 2864 743 2905 9.
777 2862 885 2913 Quis
919 2867 1034 2905 esset
1072 2866 1112 2905 et
1145 2857 1289 2919 qualis
1322 2866 1438 2904 esset
1476 2859 1676 2917 exposuit
1705 2859 1934 2902 Platonica

250 2938 325 2980 illa
358 2938 606 2981 urbanitate
640 2943 680 2980 et
714 2938 913 2981 modesta
951 2937 1214 2980 verecundia
1242 2936 1435 2980 remotis.
