2019 3299
999 150 1079 192 136

197 272 473 324 ἅνθρωποι
515 275 832 329 χρησμῳδοῡσιν.
878 273 1061 316 Platone
1103 279 1279 316 auctore
1322 275 1536 317 homines
1572 287 1702 328 saepe
1735 271 1884 316 futura

166 334 169 338 ⁴
198 347 473 402 praedicunt;
506 347 702 390 omnium
738 347 926 391 maxime
960 347 1041 390 hoc
1075 347 1120 390 fit
1154 347 1346 391 instante
1379 352 1529 390 morte.

256 421 412 465 Melius
458 422 573 478 apud
622 422 961 479 Xenophontem
1021 423 1127 465 haec
1177 423 1502 466 vaticinationis
1548 437 1621 465 ars
1665 423 1883 466 heroibus

194 497 464 540 Homericis
510 496 639 540 datur
686 512 825 554 neque
874 497 915 539 in
950 497 1207 540 universum
1242 497 1478 554 unicuique
1512 496 1692 540 homini.
1725 497 1882 540 Risum

195 575 342 613 autem
391 577 536 614 movet
581 572 698 629 quod
747 577 1118 616 commentatores
1166 573 1282 616 hunc
1328 573 1443 628 apud
1477 572 1705 616 Platonem
1737 571 1880 615 locum

196 646 408 701 exemplis
455 662 507 689 ex
556 646 744 690 HOMERO
794 647 938 702 petitis
969 647 1206 691 illustrant.
1240 647 1445 690 Libenter
1478 663 1554 703 pro
1587 647 1705 690 hisce
1738 646 1883 691 verbis

195 720 337 764 locum
366 722 480 778 apud
513 721 856 779 Xenophontem
891 722 1185 766 substitueris.
1221 723 1333 766 Tum
1364 722 1496 766 etiam
1525 722 1665 779 magis
1682 722 1884 780 apposite

193 801 560 840 commentatores
593 798 797 854 exempla
829 813 880 841 ex
917 798 1110 841 Homero
1143 798 1384 842 attulerint.

252 871 478 915 Postremo
510 872 652 916 fateor
684 889 752 916 me
786 873 913 917 valde
946 873 1097 917 mirari
1132 874 1293 918 verba:
1327 877 1484 923 πλείους
1519 876 1675 915 ἔσονται
1717 875 1814 926 ὑμᾶς
1846 877 1886 915 οἵ

193 947 423 1000 ἐλέγξοντες,
458 948 527 996 οὓς
561 956 635 988 νῦν
667 949 741 1002 ἐγὼ
775 955 1021 1001 κατεῖχον
1053 967 1086 989 u.
1105 967 1134 990 τ.
1152 955 1183 990 λ.

255 1021 482 1066 Socratem
531 1022 662 1079 igitur
713 1024 965 1068 cohibuisse
1017 1029 1058 1068 et
1110 1025 1384 1069 moderatum
1439 1041 1537 1069 esse
1589 1026 1790 1070 ardorem
1844 1030 1884 1069 et

195 1096 406 1153 impetum
453 1098 660 1142 iuvenum
705 1099 786 1142 hoc
817 1099 912 1143 loco
944 1099 1146 1156 legimus.
1182 1100 1277 1144 Hoc
1307 1115 1494 1149 novum,
1530 1116 1671 1158 neque
1706 1101 1883 1145 aliunde

196 1172 302 1215 mihi
350 1173 525 1229 quidem
575 1173 786 1217 innotuit!
832 1174 1022 1225 Quinam
1064 1175 1185 1219 fuere
1227 1175 1289 1218 illi
1332 1175 1549 1219 iuvenes?
1586 1175 1882 1226 Quamobrem

195 1263 271 1291 eos
319 1248 542 1292 inhibuit?
574 1249 902 1294 Moderatiusne
944 1266 1074 1307 agere
1117 1251 1323 1295 Socrates
1356 1251 1561 1301 malebat,
1593 1267 1649 1296 an
1681 1251 1883 1296 inimicos

194 1323 375 1366 timuit‘?

254 1398 362 1442 Mihi
395 1414 464 1443 res
497 1416 585 1444 non
618 1400 768 1458 liquet.

254 1550 382 1594 Nunc
412 1556 560 1595 autem
593 1552 737 1596 denuo
771 1551 1115 1609 Xenophontem
1150 1552 1450 1610 inspiciamus
1479 1553 1523 1597 Is
1549 1553 1665 1598 enim
1692 1554 1883 1598 tuendus

193 1631 259 1669 est
304 1627 520 1671 adversus
566 1627 847 1671 adversarios
881 1628 1142 1671 malevolos!
1177 1628 1348 1672 Etenim
1387 1628 1621 1673 offensioni
1658 1629 1883 1673 nonnullis

194 1700 298 1744 viris
343 1702 481 1745 doctis
527 1707 619 1746 erat
667 1702 936 1753 vaticinium,
983 1704 1099 1760 quod
1146 1703 1293 1760 Anyto
1341 1709 1645 1761 praetereunte
1676 1704 1882 1749 Socrates

195 1776 328 1820 edidit
358 1777 400 1820 in
427 1777 647 1834 Apologia
673 1777 785 1821 Xen.
820 1778 960 1821 Immo
988 1778 1201 1822 ΚΑΙΒΕΙᾸΟ
1232 1779 1438 1833 (Hermes
1465 1779 1595 1823 XXV
1627 1781 1753 1825 1890.
1780 1780 1882 1834 481)

195 1851 338 1894 visum
397 1857 463 1895 est
520 1852 743 1896 sordidum
805 1864 936 1910 atque
993 1853 1238 1897 abiectum:
1302 1857 1430 1909 „eine
1485 1858 1884 1913 niedertrdchtiye

196 1927 595 1983 Prophezeiun9'’.
639 1927 803 1971 Contra
832 1943 965 1985 quam
998 1928 1324 1973 accusationem
1359 1928 1417 1973 M.
1451 1929 1644 1974 WETZEL
1675 1931 1703 1975 l.
1736 1931 1762 1974 l.
1795 1932 1881 1975 399

192 2008 408 2059 pugnator
454 2002 632 2046 exstitit.
681 2002 818 2047 Cuius
867 2003 945 2046 viri
995 2004 1107 2047 docti
1159 2005 1293 2048 verba
1339 2005 1526 2049 libenter
1578 2021 1676 2050 mea
1706 2007 1881 2057 faciam,

192 2078 276 2121 nisi
307 2078 422 2134 quod
456 2093 545 2121 una
576 2078 670 2121 eius
699 2079 919 2122 sententia
951 2079 1057 2122 mihi
1094 2079 1239 2123 minus
1260 2080 1436 2137 probari
1457 2085 1612 2136 potest.
1631 2081 1882 2127 Arbitratur
1908 2086 1910 2089 ’

191 2153 307 2197 enim
340 2153 434 2196 sine
465 2154 615 2197 divino
643 2155 835 2211 quodam
868 2154 1080 2198 instinctu
1119 2161 1159 2198 et
1198 2160 1319 2199 motu
1352 2157 1434 2199 hoc
1467 2156 1735 2209 vaticinium,
1769 2158 1882 2203 hanc

193 2229 244 2272 de
276 2229 406 2272 rebus
438 2229 598 2272 futuris
631 2230 882 2287 opinionem
922 2230 1118 2274 Socratis
1152 2231 1301 2275 animo
1334 2231 1599 2282 surrexisse;
1635 2233 1735 2287 „Ich
1767 2233 1882 2277 finde

192 2319 247 2348 an
297 2304 363 2347 ihr
408 2305 551 2348 nichts
599 2305 1015 2362 Niedertrachtiges‚
1076 2307 1322 2362 uberhaupt
1374 2307 1517 2350 nichts
1564 2308 1881 2353 Auffallendes.

192 2379 398 2423 Socrates
430 2395 520 2423 war
551 2380 630 2424 auf
660 2380 893 2424 Betreiben
913 2382 990 2424 des
1007 2382 1182 2438 Anytus
1200 2398 1297 2425 zum
1317 2382 1438 2426 Tode
1454 2384 1674 2427 verurteilt
1690 2385 1880 2429 worden.

198 2456 351 2498 Dieser
382 2456 558 2512 Anytus
590 2457 694 2499 aber
722 2456 843 2500 hatte
872 2456 1000 2500 einen
1029 2457 1361 2514 hochbegabten
1380 2458 1516 2508 Sohn,
1535 2459 1610 2502 der
1629 2475 1726 2503 vom
1748 2460 1882 2504 Vater

192 2546 467 2586 gezwungen
517 2532 676 2581 wurde,
719 2532 810 2575 sich
854 2532 929 2575 der
966 2532 1173 2576 Gerberei
1207 2549 1257 2576 zu
1292 2533 1499 2583 widmen,
1532 2534 1672 2578 einem
1707 2536 1879 2586 Berufe,

194 2608 268 2650 der
303 2608 384 2650 den
419 2607 575 2664 geistig
612 2625 660 2651 so
693 2609 874 2652 trefflich
909 2610 1171 2665 beanlagten
1208 2610 1416 2667 Jangling
1448 2610 1697 2668 unmoglich
1731 2611 1881 2654 befrie·

193 2682 318 2738 digen
355 2682 533 2725 konnte.
567 2683 780 2727 Sokrates
814 2684 894 2728 sah
930 2700 1104 2732 vorans,
1138 2684 1243 2728 dasz
1275 2686 1349 2728 der
1374 2686 1512 2742 junge
1546 2686 1678 2730 Manu
1713 2687 1878 2730 seinem

195 2757 354 2800 Berufe
387 2757 507 2800 nicht
539 2763 632 2801 treu
668 2759 838 2802 bleiben
873 2760 1036 2809 wurde⁹
1070 2760 1148 2803 auf
1175 2761 1365 2817 Abwege
1391 2766 1568 2817 geraten
1597 2762 1761 2811 werde;
1790 2777 1880 2805 war

193 2847 238 2875 er
278 2832 388 2875 doch
436 2833 511 2875 der
552 2833 752 2882 Ansicht,
786 2835 890 2878 dasz
924 2835 1086 2890 gerade
1119 2835 1187 2878 die
1220 2836 1372 2879 besten
1406 2836 1550 2893 Kopfe
1582 2837 1657 2880 der
1690 2837 1878 2892 Bildung

192 2922 263 2951 am
297 2907 480 2951 meisten
515 2908 724 2952 bedurfen
757 2909 903 2957 (Mem.
937 2910 997 2954 IV
1037 2912 1070 2959 1,
1104 2912 1159 2962 3).
1195 2911 1347 2954 Dieser
1375 2903 1698 2969 Uberzeugung
1722 2913 1806 2968 gab
1833 2927 1878 2955 er
