2019 3299
998 184 1079 227 108

249 307 403 364 Specie
450 323 553 363 ergo
600 307 804 350 Socrates
847 323 932 350 non
976 307 1171 356 docebat,
1211 321 1254 349 re
1288 321 1391 349 vera
1422 310 1569 349 autem
1605 305 1755 361 negari
1787 321 1873 348 non

190 388 330 439 potest
362 398 460 426 eum
494 398 520 426 a
552 387 670 426 certa
700 383 890 439 quadam
925 382 1092 426 ratione
1136 381 1377 438 profectum
1411 396 1509 424 esse
1542 380 1585 423 in
1623 380 1875 424 adulescen-

190 458 307 501 tibus
339 457 611 506 erudiendis;
653 457 753 500 licet
789 457 918 500 anxie
950 457 1115 501 caverit
1153 473 1207 500 ne
1241 456 1448 513 magister
1481 455 1789 512 appellaretur,
1821 471 1875 499 ne

190 533 419 590 pecuniam
468 533 696 589 acciperet.
746 548 798 575 ne
856 534 1000 584 ἀρετὴν
1057 534 1367 586 ἐπαγγέλλεσθαι
1417 531 1664 575 insimulari
1712 535 1876 588 posset,

190 614 335 652 tamen
386 608 568 651 iuvenes
614 607 816 650 educavit
864 612 905 650 et
951 607 1226 651 institutione
1273 607 1463 664 quadam
1507 606 1663 650 imbuit
1689 607 1729 651 ¹).
1764 605 1876 649 Hinc

190 684 290 727 illae
338 688 467 726 notae
509 682 844 739 discrepantiae,
889 682 1094 739 opinatae
1127 682 1302 739 quidem
1338 697 1479 739 neque
1514 697 1655 731 verae,
1689 685 1730 725 et
1761 681 1875 738 apud

191 758 530 815 Xenophontem
564 763 606 801 et
636 758 752 815 apud
794 758 1038 801 Platonem.
1083 758 1196 801 Hinc
1238 757 1505 801 adversariis
1538 756 1739 810 sophista
1769 761 1875 805 erat,

191 840 231 879 et
265 835 534 892 Polycrates,
578 833 618 877 id
661 834 776 890 quod
819 849 871 877 ex
913 834 1044 877 [socr.
1082 833 1186 877 Bus.
1227 833 1263 876 V
1296 833 1450 882 elucet,
1483 832 1650 876 amicos
1683 832 1878 876 Socratis

189 914 373 962 μαθητάς
425 910 519 953 eius
565 909 820 966 appellavit.
870 909 983 952 Hinc
1027 910 1142 966 apud
1174 909 1340 953 amicos
1373 924 1546 966 quoque
1578 909 1667 959 περὶ
1698 910 1878 957 παιδείας

192 985 485 1043 peritissimus
512 985 790 1033 .habebatu1·,
840 985 967 1042 Apol.
1016 984 1130 1028 Xen.
1161 985 1188 1028 l.
1222 985 1263 1031 l..
1309 985 1411 1028 item
1455 983 1569 1041 apud
1604 983 1712 1027 Plat.
1747 983 1877 1027 Lach.

198 1064 276 1106 189
297 1063 348 1112 Α,
386 1062 481 1105 loco
516 1061 697 1104 idoneo:
732 1063 805 1102 οὐκ
838 1062 887 1101 ἂν
919 1063 1123 1114 ἀχθοίμην
1156 1063 1443 1113 μανθάνων
1479 1085 1525 1090 --
1563 1063 1775 1113 γηράσκων
1805 1060 1878 1113 γὰρ

191 1141 317 1180 πολλὰ
349 1142 710 1180 διδάσκεσθαι
743 1139 867 1179 ἐθέλω
899 1139 978 1178 ὑπὸ
1012 1145 1189 1189 χρηστῶν
1223 1138 1360 1187 μόνον.
1394 1143 1508 1176 τοῦτο
1540 1138 1614 1189 γάρ
1646 1153 1712 1188 μοι
1731 1150 1879 1189 συγχω-

192 1217 319 1266 ρείτω,
359 1215 518 1268 ἀγαθὸν
551 1215 617 1254 καὶ
649 1215 772 1255 αὐτὸν
805 1211 907 1254 εἶναι
938 1214 1023 1253 τὸν
1058 1214 1380 1252 διδάσκαλον
1417 1236 1466 1241 -
1501 1213 1536 1251 εἰ
1566 1211 1608 1251 δὲ
1640 1213 1827 1262 νεώτερος
1859 1211 1879 1251 ὁ

194 1293 460 1330 διδάσκων
494 1315 545 1319 -—
582 1290 702 1330 οὐδέν
736 1306 802 1341 μοι
830 1289 933 1340 μέλει
961 1288 1182 1335 (Socrates
1209 1286 1353 1330 minor
1380 1291 1487 1330 natu
1506 1286 1639 1339 erat).
1668 1287 1730 1327 σοὶ
1747 1282 1881 1338 οὖν,ὦ

190 1368 412 1417 Σώκρατες,
440 1367 513 1419 ἐγὼ
541 1367 828 1418 ἐπαγγέλλομαι
860 1365 925 1405 καὶ
957 1366 1233 1404 διδάσκειν
1266 1363 1330 1403 καὶ
1356 1363 1525 1416 ἐλέγχειν
1541 1362 1741 1414 (verbum
1765 1361 1881 1419 quod

192 1440 386 1485 Socratis
413 1441 591 1484 modum
608 1441 791 1485 docendi
808 1440 1015 1494 illustrat)
1032 1439 1096 1491 ἐμὲ
1115 1441 1172 1480 ὅτι
1189 1439 1238 1479 ἂν
1256 1441 1394 1494 βούλῃ.
1414 1437 1506 1481 Sub
1524 1437 1654 1481 finem
1674 1438 1762 1482 200
1779 1436 1811 1481 C
1831 1437 1881 1480 D.

193 1517 382 1573 legimus
444 1518 559 1568 περὶ
602 1519 849 1564 παιδείας
895 1517 1147 1567 Σωκράτη
1188 1515 1250 1565 μὴ
1293 1514 1535 1565 ἀφιέναι,
1585 1513 1720 1557 verba
1769 1528 1882 1570 quae

193 1593 361 1642 Nicias,
390 1593 458 1636 cui
482 1593 686 1637 Socrates
704 1592 881 1649 ignotus
900 1607 986 1635 non
1016 1595 1094 1640 est,
1118 1589 1347 1647 approbat,
1366 1590 1511 1640 ἐάνπερ
1528 1590 1647 1645 ἐθέλῃ
1665 1591 1882 1640 Σωκράτης

193 1677 270 1708 τῶν
299 1671 513 1720 μειρακίων
540 1670 826 1720 ἐπιμελεῖσθαι,
850 1668 1002 1720 μηδένα
1030 1667 1149 1707 ἄλλον
1178 1670 1305 1718 ζητεῖν
1323 1664 1521 1712 (verbum
1539 1662 1881 1708 usitatissimum

195 1746 237 1788 in
273 1745 511 1789 Socraticis
543 1745 730 1801 dialogis
765 1745 846 1788 187
865 1745 918 1787 A.
953 1745 1246 1795 ἐπιμεληθῆναι
1277 1741 1328 1784 de
1361 1741 1572 1797 magistro
1598 1738 1672 1797 qui
1696 1738 1885 1796 pecunia

195 1826 334 1865 artem
381 1821 539 1872 tradit).
587 1821 781 1878 Apparet
823 1825 970 1864 autem
1014 1818 1151 1863 alium
1185 1817 1443 1874 magistrum
1478 1831 1565 1859 non
1596 1814 1683 1859 iam
1718 1813 1883 1872 quaeri,

196 1897 271 1939 sed
304 1897 447 1952 ipsum
481 1897 706 1940 Socratem
739 1895 933 1953 polliceri
961 1911 1007 1938 se
1041 1909 1170 1938 mane
1205 1897 1437 1936 venturum
1471 1906 1582 1935 esse.
1615 1890 1744 1947 Apud
1771 1889 1884 1933 Xen.

195 1972 347 2029 Symp.
396 1972 470 2016 IV.
519 1973 576 2016 24
622 1972 736 2016 alius
784 1976 907 2024 pater
952 1970 1089 2013 filium
1137 1984 1268 2013 suum
1312 1967 1509 2012 Socratis
1547 1982 1677 2010 curae
1708 1966 1883 2009 deman-

196 2049 329 2098 davit,
363 2049 382 2089 ὁ
411 2050 539 2101 πατὴρ
572 2049 778 2099 παρέδωκέ
806 2065 871 2099 μοι
898 2049 1034 2099 αὐτόν,
1060 2048 1098 2086 εἴ
1119 2063 1151 2085 τι
1183 2048 1385 2097 δυναίμην
1417 2044 1629 2095 ὠφελῆσαι.
1660 2042 1726 2082 καὶ
1751 2043 1886 2093 μέντοι

196 2127 297 2165 πολὺ
331 2126 485 2177 βέλτιον
517 2125 594 2176 ἤδη
627 2126 712 2175 ἔχει.

254 2200 403 2244 Pauca
449 2199 537 2243 alia
582 2198 797 2254 exempla,
830 2212 941 2254 quae
975 2195 1240 2240 sententiam
1274 2199 1472 2238 nostram
1505 2197 1727 2247 tueantur,
1760 2196 1800 2235 et
1832 2206 1884 2234 ex

197 2276 380 2320 Platone
412 2280 451 2317 et
485 2291 536 2318 ex
568 2274 862 2331 Xenophonte
894 2272 1144 2316 afferemus.

247 2385 267 2434 Ἴ
294 2382 466 2417 Vidimus
499 2394 563 2416 eos
600 2382 747 2415 tantum
780 2380 935 2414 iuvenes
972 2380 1094 2414 socios
1133 2378 1279 2418 ascisci,
1315 2389 1409 2421 quos
1444 2376 1602 2411 idoneos
1639 2374 1798 2419 putabat
1820 2372 1885 2417 qui

198 2442 471 2478 consuetudine
503 2454 571 2476 sua
606 2442 826 2476 fruerentur.
864 2440 1008 2475 Deinde
1044 2439 1201 2474 iuvenes
1226 2438 1341 2473 alium
1368 2437 1477 2472 aliter
1501 2435 1767 2483 compellabat3
1791 2433 1886 2468 The-

195 2507 360 2539 aetetum
385 2505 435 2546 (in
463 2503 614 2546 dialogo
640 2502 813 2536 Platonis
838 2503 895 2536 cui
918 2513 1053 2535 nomen
1067 2500 1324 2542 Theaetetus),
1345 2498 1555 2533 modestum
1577 2497 1751 2531 iuvenem
1772 2497 1885 2539 atque

199 2565 388 2612 praeclaro
431 2564 587 2607 ingenio
637 2563 860 2607 praeditum,
908 2561 1072 2605 benigne
1115 2562 1150 2595 et
1195 2559 1373 2594 benevole
1417 2558 1622 2593 identidem
1662 2556 1882 2600 alloquitur;

198 2627 407 2663 Menonem,
450 2625 487 2659 in
524 2624 675 2667 dialogo
714 2623 795 2658 eius
831 2622 1009 2661 nominis,
1053 2633 1337 2664 nonnumquam
1376 2619 1535 2659 ironice3
1574 2618 1824 2657 Alcibiadem,
1847 2617 1885 2652 in

197 2687 318 2722 Alcib.
355 2686 454 2727 dial„
490 2685 584 2720 satis
619 2685 764 2719 acerbe.
801 2683 912 2728 Apud
956 2683 1249 2727 Xenophontem
1287 2681 1461 2725 legimus,
1503 2678 1690 2724 quomodo
1725 2678 1884 2724 primum

199 2747 476 2792 Euthydemum
514 2746 634 2780 ironia
671 2758 739 2779 sua
771 2745 904 2779 acerba
938 2745 1164 2788 prosecutus
1189 2742 1250 2782 sit,
1279 2741 1415 2776 deinde
1440 2740 1695 2776 adulescentis
1719 2738 1885 2774 animum

197 2807 482 2853 perturbaverit,
519 2808 719 2850 postremo,
757 2818 839 2840 cum
876 2804 996 2848 magis
1032 2803 1187 2838 docilem
1215 2815 1255 2837 se
1281 2803 1477 2846 praeberet
1500 2800 1738 2838 adulescens,
1760 2800 1888 2843 aperte

201 2869 399 2913 palamque
425 2867 458 2901 ei
484 2867 712 2901 sententiam
741 2878 847 2900 suam
872 2864 1071 2909 aperuerit.

244 2930 349 2972 Quae
383 2929 507 2963 onmia
529 2928 609 2962 eius
637 2930 737 2967 sunt,
769 2927 833 2970 qui
859 2929 1040 2970 tanquam
1068 2925 1248 2968 magister
1279 2922 1535 2958 moderatione
1567 2920 1704 2965 agendi
1728 2919 1889 2964 quadam

203 2990 249 3025 ad
274 2989 508 3034 propositum
535 2988 728 3032 pervenire
753 2987 893 3022 studet.
