2019 3299
926 202 1007 245 183

934 421 989 465 X.

183 529 340 573 Errant
386 529 459 587 qui
506 534 661 586 putant
709 528 840 572 verba
890 528 1081 582 „fertur”
1130 529 1259 577 (Aen.
1306 529 1323 572 Ι
1374 531 1441 581 15)
1486 530 1553 574 vel
1603 531 1803 585 „ferunt”

123 604 248 658 (Aen.
296 604 351 647 VI
388 605 502 654 284),
543 604 717 661 aliaque
764 617 816 646 ex
862 619 914 646 eo
959 618 1131 660 genere.
1180 604 1339 648 indicia
1386 620 1483 648 esse
1535 605 1805 650 diffidentiae

126 684 279 736 poetae
309 680 515 735 (Georyii
545 679 659 736 apud
693 681 916 734 Ladewiy
947 679 1024 722 Ed.
1059 680 1169 722 Aen.
1202 679 1255 723 ad
1289 679 1320 728 Ι,
1357 681 1409 723 15
1442 681 1661 738 Anhang).

933 846 1008 889 XI.

186 953 314 1011 Verg.
361 955 471 999 Aen.
520 954 558 998 ΙΙ
602 953 714 999 312:
765 954 924 1010 „Sigea
969 954 1057 1011 igni
1103 954 1214 998 freta
1255 955 1347 999 lata
1388 956 1628 1001 relucent”.
1670 958 1806 1003 Poeta

126 1045 352 1086 perperam
394 1030 502 1073 haec
535 1029 668 1073 verba
699 1029 849 1072 tribuit
882 1030 1072 1080 Aeneae,
1105 1029 1178 1087 qui
1211 1030 1317 1074 talia
1351 1032 1494 1075 videre
1528 1048 1614 1076 non
1648 1038 1805 1091 potest.

913 1180 1012 1225 XII.

185 1253 312 1311 Verg.
346 1255 456 1298 Aen.
489 1255 679 1299 48—49.

184 1329 285 1373 Non
332 1334 445 1373 recte
491 1332 714 1386 Ladewiy
760 1331 995 1375 arbitratur
1039 1331 1147 1376 haee
1194 1332 1327 1376 verba
1373 1332 1499 1376 anxie
1547 1349 1643 1378 esse
1691 1335 1805 1380 dicta

124 1404 288 1452 (Iuno’s
320 1405 563 1462 angstlicbe
596 1407 764 1464 Frage).

904 1541 1026 1585 XIII.

182 1647 386 1691 Tibullus
421 1653 550 1705 poeta
583 1648 879 1693 melancholia
910 1649 1153 1694 laborabat.

904 1799 1024 1843 XIV.

181 1906 346 1950 Iniuria
374 1923 413 1950 ν.
441 1908 480 1950 d.
508 1907 858 1962 JAcomffflhein
884 1911 1009 1954 Mus.
1039 1910 1164 1958 1909,
1188 1910 1282 1953 Vol.
1320 1911 1376 1954 64
1404 1912 1503 1955 inde
1531 1927 1557 1955 a
1583 1927 1680 1969 pag.
1700 1914 1802 1968 601)

123 1982 343 2026 contendit
390 1982 615 2026 Tibullum
657 1983 917 2028 imitatorem
960 2001 1056 2028 esse
1090 1986 1303 2042 Propertii
1339 1987 1386 2039 (Ι.
1424 1988 1492 2039 19)
1523 1988 1565 2031 in
1600 1988 1801 2032 versibus

122 2057 282 2114 quibus
314 2057 508 2115 loquitur
538 2064 668 2115 poeta
698 2060 750 2102 de
784 2066 920 2103 morte
952 2077 1035 2104 sua
1067 2061 1108 2104 in
1142 2062 1281 2118 prima
1312 2062 1453 2118 elegia
1484 2063 1582 2106 libri
1615 2064 1756 2120 primi.

911 2211 1008 2254 XV.

183 2316 420 2360 Germania
451 2316 592 2360 Taciti
625 2333 706 2361 vox
740 2319 960 2362 monentis
994 2324 1072 2362 est.

183 2391 278 2436 Hoc
310 2391 471 2447 scripto
499 2392 679 2437 Tacitus
707 2393 916 2450 populum
945 2394 1193 2437 Romanum
1223 2395 1274 2438 de
1304 2396 1496 2452 ipsorum
1517 2396 1632 2439 vitiis
1659 2397 1798 2454 deque

122 2466 443 2511 Germanorum
477 2467 710 2512 virtutibus
743 2469 962 2512 admonet.

901 2619 1021 2663 XVI.

182 2727 244 2770 De
291 2741 420 2769 naam
471 2726 678 2783 „Epeioi”
720 2727 757 2771 is
799 2728 887 2771 niet
929 2728 1075 2778 fictief,
1115 2744 1239 2773 maai·
1270 2728 1390 2772 duidt
1422 2745 1505 2773 aan
1538 2730 1589 2773 de
1622 2730 1686 2774 uit
1717 2731 1798 2774 den

123 2801 323 2845 vreemde
360 2800 626 2855 (Thessalia)
666 2802 880 2859 gekomen
914 2803 1294 2853 overbeerschers,
1326 2805 1479 2860 terwijl
1515 2805 1710 2859 „Eleioi”
1746 2834 1796 2838 —

119 2875 229 2920 later
274 2876 526 2932 algemeene
574 2893 703 2921 naam
745 2879 976 2934 geworden
1013 2906 1063 2910 —
1099 2880 1150 2922 de
1193 2895 1323 2923 naam
1361 2895 1453 2924 was
1487 2896 1570 2924 van
1613 2881 1665 2924 de
1706 2897 1799 2925 oor-

119 2952 416 3010 spronkelijke
449 2952 691 3003 bewoners,
724 2954 850 2997 aldus
882 2954 1092 3010 geheeten
1125 2969 1234 2998 naar
1265 2955 1338 2998 het
1367 2955 1483 2999 land.
