2019 3299
1034 160 1087 204 12

280 284 409 328 Mem.
444 285 474 327 I.
509 285 547 327 6.
588 284 651 327 13.
685 283 946 327 Mordaciter
979 288 1018 327 et
1053 282 1335 326 acerbissime
1367 281 1591 338 sophistas
1622 297 1718 325 cum
1747 281 1902 325 scortis

339 359 582 417 comparat!

280 477 409 520 Mem.
460 477 534 519 Ill.
567 478 607 520 9.
642 478 770 520 6-9.
803 475 1098 532 Contemptim
1132 475 1325 532 loquitur
1358 474 1409 517 de
1445 474 1572 530 vulgo
1607 474 1803 531 profano.

278 593 405 636 Mem.
440 593 514 635 ΙΙΙ.
555 594 618 636 13.
651 594 780 636 3—6.
816 592 1061 635 Verborum
1095 592 1272 636 aculeos
1309 591 1605 647 agnoscimus.

280 717 409 760 Mem.
452 716 530 759 IV.
576 718 609 759 1.
652 719 692 760 5.
738 716 905 759 Divites
949 721 989 759 et
1027 715 1224 770 iuvenes,
1269 715 1343 772 qui
1387 714 1565 758 nimiam
1610 714 1661 757 de
1694 730 1740 757 se
1774 713 1903 758 liabe-

339 793 442 835 bant
483 792 748 849 opinionem,
792 791 961 848 asperis
1004 792 1284 835 sermonibus
1326 791 1532 847 exagitat,
1566 805 1652 833 non
1688 790 1904 833 urbanum

336 867 377 909 in
424 867 613 913 modum.
658 867 770 910 sicut
813 867 1039 910 Socratem
1082 866 1358 910 Platonicum
1394 866 1550 909 fecisse
1589 865 1792 908 credibile
1825 868 1903 913 est,

339 943 413 986 sed
457 945 671 987 convicia
711 946 957 998 proferens
990 944 1047 983 ὅτι
1079 951 1210 994 μῶρος
1243 942 1316 992 μὲν
1347 944 1420 994 εἴη,
1451 973 1744 992 -.-,
1775 949 1905 992 μῶρος

339 1018 376 1060 δ’
429 1021 468 1059 εἴ
508 1037 564 1067 τις
606 1050 900 1070 —,
943 1019 1103 1071 ἠλίθιος
1151 1017 1189 1059 δ’
1237 1020 1276 1059 εἴ
1313 1036 1367 1067 τις
1623 1048 1634 1069 ,
1674 1017 1831 1069 ἠλίθιος
1863 1015 1906 1056 δὲ

339 1096 405 1135 καὶ

280 1212 409 1255 Mem.
443 1212 517 1255 IV.
550 1213 589 1255 2.
622 1212 752 1256 4—6.
786 1211 991 1268 Legimus
1023 1210 1243 1267 quomodo
1276 1210 1480 1253 iuvenem
1516 1209 1646 1266 paulo
1682 1207 1904 1252 vaniorem

339 1293 379 1331 et
422 1288 604 1331 nimium
650 1287 733 1330 sibi
777 1287 1021 1344 placentem
1065 1286 1252 1330 ludibrio
1286 1287 1459 1340 habeat,
1492 1285 1707 1329 mitiorem
1742 1284 1907 1328 mollio-

339 1379 518 1420 remque
552 1363 716 1407 reddat.

281 1480 409 1524 Mem.
459 1480 532 1523 IV.
575 1480 615 1522 2.
668 1480 727 1527 22.
771 1480 841 1523 23⁴
887 1479 979 1535 ipse
1023 1478 1243 1530 Socrates,
1288 1477 1362 1534 qui
1408 1476 1739 1534 philosophiam
1787 1475 1905 1524 colit,

339 1556 470 1599 homo
503 1556 704 1612 superior
735 1559 820 1603 est:
854 1553 943 1604 alii,
975 1556 1016 1594 οἱ
1045 1555 1187 1594 πολλοί
1223 1553 1380 1609 vulgus
1415 1551 1649 1609 profanum
1680 1556 1909 1609 suntquos

339 1631 460 1674 decet
507 1629 773 1673 omnimodis
817 1629 857 1672 id
899 1643 1029 1685 agere
1062 1643 1325 1684 omnemque
1358 1642 1535 1683 operam
1569 1627 1674 1670 dare
1706 1642 1759 1670 ne
1792 1627 1908 1670 servi

340 1708 449 1751 Sint:
483 1708 536 1759 μὴ
569 1708 807 1759 ἀνδράποδα
835 1702 944 1746 ὦσιν.

280 1824 409 1867 Mem.
443 1823 519 1867 IV.
553 1825 592 1866 4.
630 1823 696 1866 11.
729 1823 880 1866 Semel
910 1825 1074 1877 ipsum
1106 1823 1352 1866 laudando
1385 1823 1590 1865 emollit:

390 1901 596 1962 ”ῌσθησαι
623 1896 696 1940 οὖν
721 1899 878 1938 πώποτέ
903 1915 981 1946 μου
1008 1898 1032 1950 ἢ
1059 1900 1491 1949 ψεύδομαρτυροῦντος
1513 1896 1537 1949 ἢ
1556 1903 1908 1946 συκοφαντοῦντος

339 1976 363 2027 ἢ
404 1978 546 2028 φίλους
583 1975 607 2023 ἢ
649 1976 764 2014 πόλιν
805 1976 859 2022 εἰς
903 1976 1040 2013 στάσιν
1072 1974 1335 2026 ἐμβάλλοντος
1367 1972 1392 2024 ἢ
1425 1972 1517 2012 ἄλλο
1550 1989 1584 2011 τι
1615 1971 1756 2011 ἄδικον
1788 1973 1906 2023 πράτ-

340 2068 496 2100 τοντος;

283 2168 410 2211 Mem.
444 2168 518 2211 IV.
552 2170 593 2211 5.
632 2168 693 2210 11.
729 2172 859 2210 notae
887 2166 987 2210 illae
1015 2165 1368 2222 comparationes
1395 2179 1506 2221 quae
1535 2163 1787 2207 simillimae
1806 2167 1908 2206 sunt

340 2243 573 2287 conviciis:

399 2318 511 2369 Quid
553 2318 711 2368 differt,
748 2317 899 2374 inquit,
935 2316 1224 2373 Euthydeme,
1259 2316 1392 2359 homo
1425 2316 1596 2367 ἀκρατὴς
1626 2317 1776 2368 θηρίου
1808 2314 1908 2366 ἀμα-

340 2398 556 2444 θεστάτους
589 2394 693 2450 quid
726 2393 870 2437 differt
901 2401 978 2433 τῶν
1010 2393 1315 2445 ἀφρονεστάτων
1343 2394 1630 2444 βοσκημάτωι’;

283 2512 401 2555 Echo
442 2511 631 2555 fortasse
673 2511 803 2554 liuius
841 2509 923 2553 loci
967 2508 1202 2566 percipitur
1243 2509 1285 2551 in
1327 2508 1530 2551 Phaedro
1578 2507 1689 2551 Plat.
1738 2507 1825 2550 253
1857 2506 1905 2556 E,

341 2588 425 2631 259
455 2586 507 2636 A,
551 2586 625 2629 ubi
668 2589 713 2626 αἱ
749 2586 835 2638 περὶ
876 2589 918 2625 τὸ
957 2594 1069 2636 σῶμα
1100 2584 1245 2636 ἡδοναὶ
1277 2585 1605 2637 ἀνδραποδώδεις
1637 2582 1834 2631 audiunt,
1867 2586 1908 2625 el

343 2661 543 2705 homines
590 2665 900 2718 comparantur
947 2675 1046 2703 cum
1096 2661 1367 2712 ἀνδραπόδοις
1652 2660 1781 2711 ὥσπερ
1813 2674 1908 2710 προ-

342 2741 461 2791 βάτια
493 2743 570 2777 κτλ.

286 2855 413 2898 Mem.
458 2854 533 2897 IV.
576 2854 615 2896 7.
661 2856 700 2896 6.
743 2853 992 2909 Superbum
1037 2853 1077 2895 in
1123 2851 1298 2894 modum
1333 2851 1384 2893 de
1417 2851 1688 2905 Anaxagora
1720 2848 1912 2905 loquitur

345 2943 475 2986 quern
507 2930 732 2972 insanire
767 2927 928 2984 arguit!
