2019 3299
1070 169 1128 211 20

205 317 208 322 ·
247 298 424 338 strenue
456 297 608 336 contra
639 292 855 342 inimicos,
889 293 1037 336 hostes
1071 293 1353 349 pugnandum
1388 292 1483 342 fuit,
1516 297 1663 336 truces
1691 293 1784 337 eius
1822 293 1936 337 oculi

247 370 546 427 suspiciebant
594 373 634 412 et
687 373 897 426 tanquam
951 373 1105 412 taurus
1160 368 1492 412 minitabundus
1544 368 1938 425 circumspiciebat.

250 445 496 489 Verisimile
530 460 631 501 ergo
664 460 762 488 eum
796 449 898 488 ante
930 444 1094 488 iudices
1127 460 1299 502 quoque
1327 449 1479 488 contra
1505 448 1784 488 accusatores
1810 443 1935 487 liber-

247 521 355 564 rime
387 520 582 563 locutum
613 535 724 563 esse.

307 596 401 640 Hac
434 595 733 651 disputatione
766 594 1010 652 praemissa
1042 594 1284 651 Apologias
1312 593 1624 651 Xenophontis
1649 593 1934 650 Platonisque

247 671 534 728 inspiciamus
568 675 609 714 et
642 670 962 727 investigemus
996 675 1092 714 uter
1125 686 1271 714 veram
1302 671 1395 714 eius
1425 670 1691 727 superbiam,
1725 669 1937 725 magnilo-

246 746 487 803 quentiam,
521 746 658 790 animi
690 746 1040 803 magnitudinem
1076 746 1332 791 servaverit.

303 855 352 898 In
399 855 524 899 initio
572 854 818 912 Apologiae
867 854 1115 912 Xenophon
1156 859 1304 899 narrat
1337 855 1583 912 complures
1616 854 1728 898 alios
1763 854 1849 898 iam
1884 854 1934 897 de

247 931 428 975 Socrate
476 946 657 975 causam
701 945 826 974 suam
871 930 1133 975 defendente
1167 930 1400 988 scripsisse
1433 935 1473 974 et
1505 930 1620 987 apud
1653 945 1807 973 omnes
1839 944 1938 973 eum

244 1022 333 1050 rem
362 1007 549 1064 superbe
575 1006 769 1063 gessisse
807 1008 887 1055 (καὶ
918 1009 1062 1055 πάντες
1096 1009 1233 1060 ἔτυχον
1265 1015 1332 1059 τῆς
1365 1008 1652 1061 μεγαληγορίας
1683 1005 1840 1060 αὐτοῦ).
1871 1004 1937 1048 EX

243 1084 317 1127 illo
363 1099 582 1128 consensu
625 1083 883 1139 opinionum
926 1082 1019 1126 iure
1051 1083 1134 1126 sibi
1169 1083 1291 1126 visus
1324 1087 1391 1126 est
1423 1083 1590 1126 efficere
1622 1097 1668 1126 re
1701 1097 1805 1125 vera
1836 1096 1934 1125 eum

243 1160 306 1203 ita
337 1159 532 1203 locutum
567 1175 666 1203 esse
697 1158 742 1215 (ᾧ
775 1160 841 1200 καὶ
874 1162 1011 1212 δῆλον,
1043 1161 1100 1200 ὅτι
1132 1168 1182 1214 τῷ
1216 1159 1298 1200 ὄντι
1327 1161 1451 1208 οὕτως
1480 1160 1633 1211 ἐρρήθη
1669 1159 1748 1198 ὑπὸ
1775 1160 1940 1210 Σωκρά-

242 1235 361 1288 τους).
396 1234 570 1278 Etenim
606 1235 744 1278 multa
775 1235 826 1278 de
858 1250 909 1278 eo
944 1234 1063 1278 varie
1091 1234 1378 1278 tradebantur
1399 1250 1541 1291 neque
1569 1233 1660 1290 ipse
1685 1232 1934 1290 Xenophon

244 1311 287 1354 in
320 1310 495 1354 ·iudicio
543 1310 706 1360 adsuit;
755 1311 838 1354 hac
885 1326 987 1367 ergo
1035 1310 1078 1353 in
1125 1326 1170 1354 re
1213 1315 1329 1354 totus
1378 1326 1429 1354 ex
1464 1310 1649 1354 aliorum
1682 1308 1936 1352 testimonio

244 1387 475 1444 pendebat.
511 1387 666 1444 Neque
698 1391 845 1430 tamen
880 1402 996 1430 unus
1029 1391 1182 1430 auctor
1216 1386 1282 1429 vel
1315 1402 1431 1430 unus
1468 1387 1593 1429 testis
1620 1385 1659 1429 ei
1676 1384 1933 1428 sufficiebat.

242 1462 308 1506 Cf.
356 1462 486 1505 Mem.
535 1462 609 1505 [V.
657 1463 698 1505 8.
750 1462 798 1505 11
841 1470 1005 1502 τοιαῦτα
1047 1462 1118 1512 μὲν
1157 1464 1254 1514 πρὸς
1280 1461 1530 1516 “Ερμογένην
1562 1478 1601 1502 τε
1633 1463 1817 1514 διελέχθη
1849 1461 1934 1501 καὶ

242 1540 370 1592 πρὸς
418 1540 538 1586 τοὺς
587 1539 786 1586 ἄλλους.
835 1537 964 1594 Apol.
1013 1537 1128 1580 Xen.
1175 1538 1202 1581 8
1250 1538 1385 1590 ὀρθῶς
1433 1540 1475 1578 δε
1522 1539 1560 1578 οἱ
1591 1536 1683 1578 θεοὶ
1713 1538 1825 1577 τότε
1856 1553 1933 1588 μου

242 1615 506 1667 ἠναντιοῦντο
539 1639 595 1643 —
629 1614 707 1654 ὅτε
755 1613 882 1654 ἐδόκει
928 1615 1053 1665 ὑμῖν
1096 1614 1259 1665 ζητητέα
1300 1611 1403 1653 εἶναι
1446 1613 1487 1653 ἐκ
1528 1613 1676 1660 παντὸς
1707 1613 1856 1664 τρόπον
1887 1613 1934 1651 τὰ

241 1691 530 1742 ἀποφευκτικά,
575 1705 627 1733 ex
673 1688 835 1746 quibus
882 1688 989 1732 locis
1039 1693 1157 1746 patet
1206 1688 1384 1746 saepius
1427 1704 1525 1732 cum
1560 1687 1714 1732 amicis
1750 1702 1849 1731 eum
1881 1687 1934 1731 de
1981 1740 1984 1741 ⁷

241 1764 499 1809 defensione
555 1765 819 1809 collocutum
879 1780 989 1808 esse.
1039 1765 1278 1808 Praeterea
1334 1764 1538 1808 credibile
1594 1768 1659 1807 est
1715 1763 1767 1807 de
1813 1778 1933 1806 more

241 1841 565 1885 Socraticorum
609 1840 777 1884 amicos
819 1840 932 1883 inter
963 1856 1010 1884 se
1042 1840 1370 1885 damnationem
1405 1844 1446 1884 et
1477 1843 1660 1883 mortem
1697 1838 1933 1883 venerandi

239 1922 280 1961 et
327 1916 543 1961 carissimi
591 1916 790 1973 magistri
831 1916 1092 1972 saepissime
1136 1916 1417 1960 sermonibus
1450 1915 1756 1959 celebravisse.
1789 1914 1932 1970 (Quod

239 1997 386 2037 autem
423 1993 722 2049 Hermogenes
756 2008 854 2035 cum
884 1992 1178 2049 Xenophonte
1206 2007 1384 2037 causas
1410 1990 1753 2034 communicavit
1769 1990 1929 2048 quibus

239 2068 616 2126 magniloquentia
642 2072 902 2124 perspicua
930 2071 1056 2124 fieret
1088 2072 1129 2111 et
1160 2070 1331 2113 melius
1357 2069 1717 2123 intellegeretur,
1737 2066 1777 2109 id
1798 2065 1929 2109 huius

238 2145 550 2202 disputationis
582 2161 668 2188 non
701 2149 767 2188 est
799 2145 1044 2201 nequedum
1077 2143 1387 2198 tractandum).

298 2221 429 2264 Nunc
462 2236 563 2263 vero
592 2220 712 2263 locos
746 2235 1069 2277 percurramus.

285 2287 425 2353 ‘ApoL
475 2298 515 2339 5.
565 2298 638 2337 οὐκ
686 2294 822 2345 οἶσθα,
869 2297 926 2336 ὅτι
973 2297 1081 2349 μέχρι
1124 2295 1197 2347 μὲν
1238 2298 1355 2336 τοῦδε
1398 2295 1590 2335 ὀὐδενὶ
1637 2294 1930 2344 ἀνθρώπων

356 2373 585 2423 ὑφείμην
632 2371 691 2411 ἂν
724 2373 935 2424 βέλτιον
981 2372 1105 2422 ἐμοῦ
1149 2371 1491 2423 βεβιωκέναι;
1536 2371 1630 2422 ὅπερ
1663 2371 1734 2423 γὰρ
1768 2371 1930 2421 ἥδιστόν

356 2449 474 2497 ἐστιν,
519 2448 631 2503 ᾔδειν
679 2447 835 2489 ὁσίωσ
882 2464 967 2499 μοι
1025 2447 1111 2487 καὶ
1158 2448 1378 2494 δικαίως
1426 2448 1632 2486 ἅπαντα
1677 2447 1764 2486 τὸν
1810 2447 1929 2498 βίον

357 2523 705 2575 βεβιωμένον·
755 2524 875 2562 ὥστε
923 2523 1147 2574 ἰσχυρῶς
1195 2522 1457 2574 ἀγάμενος
1501 2522 1729 2574 ἐμαυτόν
1770 2537 1804 2560 κ.
1836 2536 1866 2560 τ.
1897 2525 1928 2560 λ.

357 2597 421 2640 Cf.
456 2597 566 2641 Plat.
600 2597 726 2655 Apol.
761 2598 816 2641 37
850 2597 942 2640 AB.
978 2597 1090 2640 Xen.
1126 2596 1256 2640 Mem.
1291 2596 1364 2641 IV.
1399 2597 1439 2640 4.
1478 2597 1544 2640 11.

1010 2706 1093 2746 πῶς
1126 2699 1200 2738 οὐκ
1233 2698 1388 2750 ἀνάγκη
1415 2705 1557 2738 τοῦτον
1583 2698 1778 2737 ποθεινὸν
1805 2693 1928 2745 εἷναι;

297 2697 424 2754 Apol.
459 2698 497 2741 7.
533 2700 628 2738 ὅταν
660 2699 734 2751 γὰρ

296 2796 424 2854 Apol.
456 2798 497 2840 9.
546 2799 599 2846 μὰ
648 2797 732 2847 Δί’,
774 2799 899 2838 εἰπεῖν
941 2799 1075 2846 αὐτὸν,
1107 2794 1136 2838 ὦ
1162 2796 1414 2850 ςΕρμόγενες,
1445 2797 1519 2850 ἐγὼ
1550 2804 1673 2836 ταῦτα
1706 2795 1802 2837 οὐδὲ
1832 2812 1929 2847 προ-

353 2874 592 2924 θυμήσομαι
648 2905 926 2908 Μῂἡῄ
984 2873 1051 2913 καὶ
1097 2872 1148 2924 ἣν
1199 2873 1273 2925 ἐγὼ
1322 2874 1443 2921 δόξαν
1490 2873 1562 2924 ἔχω
1607 2872 1696 2923 περὶ
1743 2873 1930 2923 ἐμαυτοῦ,

354 2950 501 2998 ταύτην
533 2949 772 2998 ἀναφαίνων
804 2951 837 2988 εἰ
867 2952 1032 3001 βαρυνῶ
1067 2949 1157 2996 τοὺς
1189 2949 1376 2995 δικαστάς
1408 2965 1441 2987 κ.
1461 2964 1489 2986 τ.
1509 2952 1539 2986 λ.
