2019 3299
924 183 978 227 57

118 311 185 351 τὸν
226 308 482 360 Ἐνδυμίωνα
528 309 783 356 ἀποδείξειεν.
831 307 895 350 Cf.
945 311 1169 363 praeterea
1214 308 1293 350 107
1313 307 1359 350 C.
1403 309 1435 347 εἰ
1484 307 1554 358 μὲν
1586 309 1658 360 γὰρ
1692 305 1742 360 ἦν
1776 310 1795 349 ὁ

98 378 296 432 ’θάνατος
352 392 438 424 τοῦ
482 384 674 430 παντὸς
722 384 1007 435 ἀπαλλαγὴ,
1054 387 1307 438 exoptatum
1359 382 1438 425 hoc
1485 387 1601 425 esset
1650 384 1795 438 pravis

120 458 385 507 hominibus,
430 466 502 497 νῦν
544 457 580 497 δ’
628 458 762 508 ἐπειδὴ
795 458 999 503 ἀθάνατος
1032 459 1213 506 φαίνεται
1243 454 1344 496 οὖσα
1379 473 1437 500 SC.
1470 456 1493 509 ἡ
1527 459 1635 509 ψυχὴ
1667 464 1795 498 κ.τ.λ.

178 533 225 576 In
269 535 498 588 Apologyia
539 533 589 575 de
631 534 916 588 animatione
957 532 1009 574 ad
1053 531 1217 574 inferos
1251 536 1377 574 caute
1410 536 1451 574 et
1483 532 1796 589 circumspecte

117 610 321 666 loquitur.
368 609 465 665 Ipse
513 608 710 651 notitiam
761 608 827 651 vel
874 608 1138 651 sententiam
1188 623 1273 650 non
1324 608 1467 656 habet,
1516 623 1568 651 ex
1610 607 1793 651 aliorum

118 684 367 729 testimonio
408 688 449 727 et
483 684 625 727 verbis
657 688 776 726 totus
809 683 994 740 pendere
1028 682 1219 725 videtur:
1253 682 1359 726 40C
1391 684 1488 721 um&
1519 684 1564 721 τὰ
1596 685 1797 735 λεγόμενα,

118 761 174 804 40
192 760 240 803 Ε.
272 762 307 800 εἰ
351 761 484 810 ἀληθῆ
532 762 635 799 ἐστιν
681 760 727 799 τὰ
761 761 963 811 λεγόμενα,
995 758 1116 801 41C.
1151 760 1257 806 εἴπερ
1290 774 1330 810 γε
1362 759 1407 797 τὰ
1439 760 1627 809 λεγόμενα
1661 759 1795 809 ἀληθῆ

118 837 232 876 ἐστιν.
272 834 493 878 Particula
528 850 702 891 quoque
735 834 783 873 ἂν
816 849 890 890 per
922 837 1059 876 totum
1094 833 1236 876 locum
1273 832 1430 875 indicio
1459 837 1524 874 est
1549 832 1668 888 loqui
1695 848 1793 875 eum

118 910 168 953 de
199 926 243 953 re
274 910 452 953 incerta.
486 910 559 953 Sic
592 926 676 952 non
710 909 885 952 locutus
917 913 1033 952 esset
1065 908 1101 951 si
1136 924 1234 951 vere
1267 913 1307 950 et
1335 908 1463 964 plane
1492 908 1796 964 Pythagoreus

116 986 284 1034 fuisset,
313 1001 452 1042 neque
479 985 728 1041 opinionem
758 985 983 1040 vulgatam
1013 983 1239 1026 hominum
1265 984 1357 1035 (τῶν
1374 989 1543 1030 πολλῶν)
1561 983 1796 1031 attulisset,

117 1061 169 1104 de
219 1060 379 1117 quibus
425 1061 466 1103 in
515 1060 750 1104 Phaedone
797 1075 895 1102 cum
943 1063 1192 1114 contemptu
1240 1058 1360 1115 loqui
1403 1058 1580 1113 fingitur
1617 1058 1794 1101 Phaedo

117 1136 173 1179 64
205 1135 250 1184 C,
283 1138 453 1186 εἴπωμεν
484 1137 581 1188 πρὸς
613 1135 716 1186 ἡμᾶς
749 1136 894 1182 αὐτοὺς
927 1137 1075 1186 χαίρειν
1104 1137 1277 1182 εἰπόντες
1305 1136 1483 1182 ἐκείνοις,
1510 1134 1562 1176 77
1584 1133 1632 1176 Β,
1662 1135 1701 1173 τὸ
1720 1142 1795 1179 ,τῶν

115 1219 271 1254 πολλῶν
303 1211 436 1256 reicit.

174 1288 222 1331 In
265 1287 499 1330 Phaedone
532 1290 759 1342 praeterea
791 1300 867 1341 pro
900 1289 1016 1328 certo
1048 1284 1240 1327 affirmat
1273 1284 1403 1326 etiam
1437 1284 1525 1327 alia
1555 1285 1795 1341 eademque

116 1379 142 1407 a
190 1363 368 1419 vulgata
411 1361 637 1404 hominum
681 1360 886 1417 opinione
918 1360 1092 1403 diversa
1133 1359 1186 1402 cf.
1234 1360 1316 1403 108
1334 1360 1386 1408 A,
1432 1360 1508 1403 107
1529 1359 1574 1408 C,
1609 1359 1709 1402 item
1744 1361 1794 1403 de

116 1438 180 1482 Re
237 1438 354 1495 publ.
403 1438 487 1480 615
508 1437 559 1479 A.
609 1437 669 1479 De
717 1435 878 1479 animis
925 1435 1070 1478 denuo
1119 1435 1160 1477 in
1208 1440 1368 1478 terram
1419 1435 1704 1478 redeuntibus
1736 1434 1792 1478 'in

115 1513 334 1570 Apologia
365 1513 545 1556 verbum
582 1512 764 1554 nullum.

171 1590 435 1643 Descriptio
475 1589 581 1632 Oroi
612 1603 724 1644 quae
758 1587 800 1630 in
835 1587 1070 1631 Phaedone
1105 1586 1230 1629 nobis
1263 1585 1445 1629 offertur
1477 1601 1563 1628 non
1597 1586 1795 1641 congruit

114 1680 211 1707 cum
246 1679 298 1707 ea
329 1679 440 1720 quae
474 1679 524 1706 ex
558 1663 776 1719 Apologia
802 1662 929 1705 nobis
956 1662 1160 1705 innotuit.
1189 1661 1280 1705 Iam
1301 1661 1471 1710 Ronmz,
1495 1661 1719 1718 „Psyche”
1738 1663 1793 1705 59

114 1739 355 1783 admiratus
388 1744 453 1782 est
485 1739 724 1795 Sisyphum
760 1754 845 1780 non
879 1738 989 1781 inter
1021 1737 1211 1794 perditos
1240 1737 1476 1780 numerari.
1504 1736 1614 1787 Quid
1642 1737 1756 1780 enim
1771 1738 1794 1780 Ῥ

116 1814 305 1858 Umbrae
332 1818 607 1871 separantur.
637 1814 798 1857 Phaed.
830 1814 910 1857 113
932 1814 979 1856 D.
1013 1830 1049 1856 e.
1069 1830 1108 1870 q.
1129 1830 1176 1856 s..
1214 1813 1343 1867 Gorg.
1373 1814 1458 1856 5⁶25
1477 1813 1522 1856 C.
1551 1813 1793 1870 Sisyphum

113 1905 215 1945 ergo
247 1892 313 1930 τὸν
345 1892 404 1930 ἀεὶ
436 1893 578 1943 χρόνον
609 1893 906 1941 τιμωρούμενον
940 1889 1086 1945 (Gorg.
1119 1890 1204 1932 525
1224 1889 1274 1942 E)
1307 1890 1510 1932 Socrates
1545 1889 1688 1933 videre
1708 1906 1793 1932 non

115 1971 252 2021 polest
285 1966 358 2023 qui
390 1968 603 2018 πορευθεὶς
636 1968 697 2007 ἐπὶ
730 1968 797 2006 τὸν
835 1967 1044 2019 Ἀχέροντα,
1075 1967 1228 2018 ἀναβὰς
1262 1967 1281 2006 ὁ
1312 1967 1360 2017 ὁὴ
1389 1968 1492 2021 αὐτῷ
1518 1966 1644 2018 ὄχημά
1679 1968 1796 2017 ἐστιν,

113 2043 175 2081 ἐπὶ
222 2046 363 2082 τούτου
411 2044 633 2091 ἀφικνεῖται
681 2045 734 2090 εἰς
781 2044 851 2093 τὴν
893 2044 1051 2093 λίμνην,
1092 2043 1157 2081 καὶ
1189 2043 1270 2081 ἐκεῖ
1299 2043 1397 2081 οἰκεῖ
1427 2041 1589 2084 phaed.
1628 2042 1709 2085 113
1743 2043 1793 2085 D.

113 2117 397 2161 Confabulari
438 2118 569 2175 igitur
610 2122 694 2161 non
730 2123 869 2175 potest
899 2133 995 2161 cum
1033 2117 1199 2174 perdito
1232 2118 1473 2173 eodemque
1506 2117 1794 2173 sagacissimo

112 2208 223 2249 rege.
267 2193 496 2243 Homines,
529 2193 671 2250 qualis
705 2193 924 2250 Sisyphus
959 2198 1063 2242 erat,
1097 2192 1120 2244 ἡ
1154 2195 1411 2243 προσήκουσα
1444 2199 1561 2246 μοῖρα
1594 2194 1717 2244 ῥίπτει
1741 2195 1794 2241 εἰς

111 2271 178 2309 τὸν
215 2273 431 2321 Τάρταρον,
463 2271 560 2309 ὅθεν
593 2270 736 2309 οὔποτε
769 2270 1030 2319 ἐκβαίνουσιν
1064 2268 1212 2311 phaed
1269 2268 1351 2311 113
1370 2268 1418 2310 E.

172 2344 361 2388 Gravius
404 2349 550 2387 autem
593 2349 659 2387 est
694 2344 809 2400 quod
851 2347 1018 2388 stasim
1060 2348 1157 2399 post
1203 2343 1481 2387 Palamedem
1525 2348 1565 2386 et
1598 2343 1792 2393 Aiacem,

113 2435 298 2477 quorum
342 2419 412 2463 hic
450 2419 610 2463 iniuria
649 2420 848 2468 affectus,
883 2419 954 2462 ille
986 2419 1112 2462 falsis
1155 2418 1413 2462 criminibus
1455 2418 1793 2468 circumventus,

114 2497 179 2535 διὰ
219 2498 348 2545 κρίσιν
392 2497 533 2535 ἄδικον
565 2497 773 2547 τέθνηκεν,
801 2495 1053 2538 nominatur
1083 2494 1309 2551 Odysseus
1343 2499 1473 2551 atque
1507 2495 1659 2537 eodem
1695 2495 1790 2537 loco

112 2570 290 2626 fingitur
332 2570 464 2614 vitam
508 2571 662 2626 degere
705 2576 834 2627 atque
878 2570 915 2613 ei
948 2570 1022 2627 qui
1055 2570 1172 2612 illius
1206 2585 1338 2626 opera
1370 2570 1528 2613 mortui
1561 2570 1682 2613 sunt!
1719 2570 1793 2613 Se-

112 2646 300 2689 cundum
329 2645 609 2689 Phaedonem
638 2646 859 2702 dialogum
892 2646 975 2688 114
990 2645 1035 2687 Β.
1070 2645 1216 2701 potius
1248 2660 1373 2688 orare
1406 2650 1536 2702 atque
1564 2646 1794 2689 obsecrare

111 2721 298 2764 debebat
332 2722 400 2769 οὓς
431 2723 607 2772 ὕβρισεν.
635 2720 840 2764 Fortasse
868 2725 1014 2763 autem
1044 2720 1129 2763 iam
1158 2736 1256 2763 cum
1286 2719 1338 2763 iis
1366 2720 1408 2763 in
1437 2720 1624 2777 gratiam
1642 2720 1790 2764 rediit!

171 2796 294 2847 Quod
324 2796 468 2839 Minos
499 2795 674 2852 aliique,
708 2795 780 2852 qui
814 2795 978 2839 iudices
1010 2796 1127 2852 apud
1163 2795 1327 2838 inferos
1360 2801 1477 2843 sunt,
1513 2796 1794 2839 nominantur

111 2876 151 2915 et
183 2871 354 2929 antiqui
388 2875 511 2914 vates
539 2875 579 2914 et
611 2876 777 2928 poetae,
813 2871 893 2914 hoc
927 2886 1011 2913 non
1047 2871 1424 2927 Pythagoreorum
1460 2871 1680 2927 proprium
1713 2875 1791 2917 est,

114 2951 159 2990 ut
189 2947 354 3004 Taylor
386 2946 477 2989 vult
503 2962 602 3003 pag.
634 2947 705 2996 31,
739 2947 813 2990 sed
847 2945 1068 3002 opinionis
1102 2946 1320 3002 vulgatae.
