2019 3299
916 182 942 228 3

90 312 253 357 bucher
283 311 311 355 f.
345 311 382 354 d.
419 310 487 353 Kl.
521 309 609 352 Alt.
641 309 753 352 1900
781 323 878 365 pag.
906 307 1015 351 402:
1045 307 1112 350 die
1140 306 1355 363 Apologia
1384 307 1459 350 des
1487 304 1769 362 Xenophon.)

90 403 177 432 non
214 386 449 431 admodum
483 384 667 427 feliciter
699 384 780 426 hoc
813 397 993 426 munere
1026 381 1204 425 functus
1237 386 1314 424 est.
1352 381 1450 424 Non
1487 380 1617 423 nimis
1650 380 1768 423 illam

90 462 340 519 superbiam
389 459 517 503 nobis
563 458 808 502 mirandam
855 473 952 500 esse
999 457 1060 501 ait
1102 456 1144 499 in
1188 456 1264 499 tali
1298 456 1497 505 homine;
1535 455 1772 510 „Sokrates

91 553 181 581 war
222 552 312 580 nun
345 535 505 580 einmal
538 534 606 577 ein
634 533 924 576 sonderbarer
956 532 1152 581 Mensch,
1182 531 1303 574 nicht
1337 530 1417 573 wie
1449 531 1533 574 alle
1565 531 1770 574 anderen.

92 612 152 656 So
195 612 328 656 nahm
373 627 417 654 er
458 610 617 654 keinen
650 608 867 657 Anstand‚
903 607 996 650 sich
1029 607 1172 650 seiner
1204 606 1447 662 Tugenden
1481 621 1532 648 zu
1563 606 1771 651 1·t]hn]en;

92 703 137 731 er
176 687 322 730 wollte
364 687 419 730 da
456 685 534 728 mit
570 685 619 740 ja
660 700 742 727 nur
784 683 949 739 zeigen,
992 683 1095 726 dasz
1138 698 1183 725 er
1225 682 1292 725 die
1324 682 1495 737 Jugend
1528 680 1650 723 nicht
1683 695 1774 723 ver-

92 762 252 806 dorben
286 760 444 805 habe’'.
474 760 749 816 Argumenta
780 752 927 801 autem
961 772 1045 800 non
1078 757 1204 800 affert
1236 756 1396 813 quibus
1429 756 1699 799 demonstrat
1729 771 1774 798 re

94 853 196 881 vera
237 851 339 881 eam
380 837 654 890 superbiam
696 834 909 878 Socratis
936 836 1092 889 fuisse
1119 835 1358 888 propiam.
1392 831 1537 874 Altius
1570 831 1702 887 igitur
1734 835 1774 873 et

93 911 340 957 accuratius
366 911 674 968 inquirendum
703 914 768 952 est
797 909 839 951 in
873 909 986 952 hanc
1013 909 1107 952 eius
1136 912 1319 952 naturae
1347 912 1387 950 et
1405 922 1572 949 morum
1593 912 1774 963 partem.

93 987 265 1031 Etenim
307 993 348 1030 et
380 986 598 1044 superbus
631 985 835 1028 Socrates
869 1000 966 1027 esse
1000 983 1163 1040 potuit;
1197 998 1337 1039 neque
1369 982 1512 1025 solum
1545 981 1772 1038 superbus.

95 1078 244 1106 verum
288 1061 419 1106 etiam
463 1077 604 1105 vanus
638 1060 972 1117 magniloquens
1005 1059 1256 1106 iracundus,
1291 1059 1490 1106 acerbus,
1525 1057 1775 1104 vehemens,

95 1138 287 1182 mordax.
329 1137 377 1180 In
425 1142 575 1194 aperto
622 1136 796 1194 quidem
845 1140 911 1179 est
958 1151 1044 1179 non
1096 1150 1122 1178 a
1166 1134 1408 1191 discipulis,
1453 1149 1539 1176 non
1582 1133 1638 1176 ab
1681 1132 1776 1175 eius

93 1213 391 1270 euangelistis,
433 1213 576 1271 qualis
619 1213 745 1256 Plato
787 1217 894 1262 erat,
937 1227 1018 1254 nos
1061 1210 1231 1254 edoceri
1275 1210 1325 1253 de
1368 1210 1450 1253 hac
1492 1209 1585 1252 eius
1618 1208 1775 1251 indole.

93 1289 283 1334 Nonnisi
328 1304 426 1333 raro
473 1293 549 1332 aut
590 1293 790 1332 currente
834 1287 1004 1332 calamo
1045 1291 1122 1330 aut
1165 1302 1240 1343 per
1282 1284 1618 1342 imprudentiam
1662 1283 1778 1327 facta

93 1364 293 1422 dictaque
334 1368 732 1407 commemorantur
773 1378 886 1420 quae
929 1361 1062 1417 vulgo
1104 1361 1441 1413 minusdecora
1472 1360 1701 1408 habentur,
1737 1366 1775 1401 et

94 1455 147 1483 ea
190 1455 303 1497 quae
350 1439 496 1483 famae
543 1439 684 1483 sancti
730 1444 771 1483 et
823 1438 1063 1482 venerandi
1111 1436 1310 1493 magistri
1358 1452 1513 1480 nocere
1561 1441 1779 1493 poterant,

96 1515 270 1560 silentio
301 1531 400 1559 eum
433 1514 782 1572 praetermisisse
815 1513 1021 1558 credibile
1054 1518 1133 1556 est.
1161 1513 1409 1556 Audiamus
1435 1516 1581 1555 autem
1611 1516 1652 1554 et
1669 1511 1779 1554 alios

97 1591 169 1649 qui
210 1607 296 1634 non
328 1596 543 1648 coguntur
574 1591 733 1647 pietate
767 1594 807 1633 et
840 1589 1036 1634 amicitia
1068 1604 1154 1632 non
1190 1588 1273 1631 nisi
1307 1588 1490 1645 pulchra
1521 1592 1561 1630 et
1594 1587 1781 1630 honesta

96 1667 285 1710 tradere!
320 1666 463 1722 Vulgo
495 1666 725 1710 malevolis
756 1665 1124 1709 obtrectatoribus
1158 1664 1237 1707 viri
1270 1663 1384 1707 docti
1411 1664 1520 1707 tales
1548 1662 1781 1719 scriptores

96 1746 402 1786 annumerant.
444 1742 586 1799 Saepe
628 1741 803 1791 iniuria,
845 1746 890 1784 ut
935 1740 1105 1797 opinor.
1148 1739 1331 1782 Assueti
1373 1739 1487 1782 enim
1531 1754 1686 1782 sumus
1729 1753 1782 1781 ea

98 1822 266 1862 tantum
316 1833 419 1861 vera
460 1822 500 1861 et
546 1817 629 1861 fide
677 1817 811 1873 digna
858 1817 1018 1860 habere
1066 1831 1179 1873 quae
1223 1814 1394 1858 Socrati
1436 1814 1557 1857 laudi
1599 1818 1700 1857 sunt
1740 1818 1780 1855 et

96 1893 281 1950 gloriam
329 1892 533 1937 afferunt.
579 1893 665 1936 Sed
707 1897 748 1936 et
790 1892 929 1935 altera
973 1906 1074 1948 pars
1105 1890 1339 1934 audienda.
1373 1889 1668 1940 Quamobrem
1702 1904 1782 1931 nos

98 1969 272 2026 quidem
306 1971 471 2020 σμικρὸν
504 1971 785 2021 φροντίσαντες
819 1971 1072 2019 Σωκράτους,
1104 1975 1170 2017 τῆς
1204 1966 1246 2006 ὸὲ
1278 1967 1469 2017 ἀληθείας
1502 1967 1603 2005 πολὺ
1636 1969 1781 2015 μᾶλλον

98 2044 283 2088 libenter
321 2045 434 2088 hanc
474 2044 568 2088 eius
610 2048 777 2101 partem
821 2058 991 2087 morum
1034 2042 1142 2085 locis
1175 2057 1348 2099 quoque
1382 2056 1433 2084 ex
1466 2039 1782 2097 posterioribus

98 2120 384 2177 scriptoribus
411 2120 555 2177 petitis
589 2119 925 2169 illustrabimus‚
957 2123 999 2162 et
1027 2133 1079 2161 ex
1106 2117 1307 2175 sequenti
1336 2115 1633 2173 disputatione
1657 2114 1783 2158 facile

96 2195 374 2253 intellegetur
415 2196 549 2239 verba
595 2194 714 2238 illius
762 2196 1043 2238 Aristoxeni
1090 2208 1176 2236 non
1221 2192 1284 2235 sic
1325 2197 1486 2235 temere
1531 2190 1785 2247 seponenda

38 2262 40 2264 .
101 2271 167 2314 vel
214 2270 443 2315 abicienda
489 2285 588 2313 esse
635 2276 849 2326 tanquam
897 2268 1017 2312 ficta.
1067 2268 1211 2312 Malae
1259 2267 1358 2310 fidei
1401 2265 1532 2310 huius
1576 2265 1782 2314 auctoris,

99 2346 171 2404 qui
205 2373 254 2378 —
290 2347 482 2389 virorum
536 2346 760 2388 doctorum
811 2342 1034 2387 sententia
1063 2347 1117 2374 ‘—
1154 2342 1253 2386 odio
1300 2342 1600 2385 inflammatus
1648 2340 1784 2383 multa

98 2421 215 2466 facta
230 2426 270 2465 et
287 2421 402 2465 dicta
435 2420 629 2464 Socratis
647 2419 918 2464 calumniose
936 2418 1170 2462 tradidisse
1188 2417 1338 2467 fertur,
1358 2432 1531 2460 omnem
1549 2416 1677 2458 fidem
1697 2430 1783 2458 non

100 2512 196 2540 esse
223 2496 527 2553 denegandam
556 2511 654 2539 mox
674 2495 914 2552 apparebit.
935 2494 1051 2543 Loci,
1070 2494 1143 2551 qui
1162 2494 1246 2537 huc
1263 2493 1445 2542 faciunt,
1466 2492 1508 2534 hi
1538 2491 1626 2534 fere
1660 2495 1783 2533 sunt:

159 2572 308 2629 Cyrill.
339 2572 465 2615 Alex.
496 2576 648 2614 contra
678 2570 903 2614 Julianum
937 2570 1029 2613 Lib.
1065 2569 1138 2613 VI.
1173 2584 1271 2626 pag.
1315 2569 1419 2611 185:

156 2649 301 2701 „As'ya
342 2648 384 2687 δὲ
426 2648 444 2687 ὅ
479 2649 740 2698 Ἀριστόξενος
761 2648 1054 2699 ιὀιφηγούὶιιενος
1087 2651 1154 2685 τὸν
1187 2648 1276 2697 βίον
1309 2653 1377 2684 τοῦ
1410 2645 1652 2694 Σωκράτους
1686 2642 1782 2693 ἀκη-

100 2724 233 2763 κοέναι
279 2725 525 2775 Σπινθάρου
576 2725 616 2762 τὰ
663 2723 751 2773 περὶ
799 2724 924 2762 αὐτοῦ
973 2721 1014 2769 ὃς
1060 2718 1110 2773 ’ἦν
1158 2718 1211 2768 εἷς
1252 2729 1329 2760 τῶν
1372 2722 1494 2775 τούτῳ
1529 2719 1785 2770 ἐντυχόντων.

101 2805 239 2839 τοῦτον
285 2799 424 2851 λέγειν,
470 2799 526 2838 ὅτι
567 2799 614 2838 οὐ
658 2802 815 2844 πολλοῖς
861 2798 980 2844 αὐτός
1020 2813 1063 2849 γε
1097 2796 1387 2847 πιθανωτέροις
1420 2795 1681 2845 ἐντετυχηκὼς
1712 2795 1783 2843 εἴη.

101 2875 287 2925 τοιαύτην
328 2871 429 2913 εἶναι
471 2875 542 2924 τήν
584 2889 621 2912 τε
655 2873 797 2923 φωνὴν
830 2873 895 2911 καὶ
930 2873 970 2911 τὸ
1005 2873 1129 2922 στόμα
1161 2872 1227 2910 καὶ
1258 2872 1300 2910 τὸ
1333 2871 1649 2921 ἐπιφαινόμενον
1682 2865 1786 2920 ἦθος

102 2949 167 2989 καὶ
207 2949 305 3002 πρὸς
345 2956 442 2988 πᾶσι
484 2947 526 2988 δὲ
566 2953 645 2995 τοῖς
681 2947 902 3000 εἰρημένοις
935 2947 1006 2998 τὴν
1040 2954 1108 2987 τοῦ
1142 2948 1273 2994 εἴδους
1306 2946 1715 2997 ἰδιότητα.γίνεσθαι
1749 2943 1789 2982 ὸὲ
