2019 3299
1020 180 1102 222 170

168 333 171 337 -
214 306 332 349 subit
365 305 684 362 pulcherrimus
718 310 757 348 et
789 305 1089 359 lepidissimus
1120 304 1254 354 locus,
1289 305 1362 348 uhi
1396 305 1595 349 similiter
1626 305 1734 349 alter
1766 306 1897 349 horno

215 381 495 437 grandaevus
539 396 585 424 se
629 380 757 423 tradit
801 380 1116 423 instituendum
1152 380 1415 443 philosopho
1448 380 1635 431 cuidam,
1669 381 1757 438 qui,
1790 381 1902 425 sicut

216 456 548 513 Dionysodorus
595 461 635 498 et
683 456 1001 512 Euthydemus,
1051 455 1158 498 nihil
1203 472 1286 499 non
1331 456 1535 513 perficere
1577 461 1618 505 et
1655 462 1899 514 perpetrare

217 536 371 588 potest,
401 531 550 575 omnia
578 531 771 588 pericula
800 531 948 574 subire
975 537 1169 587 paratus,
1199 531 1434 574 dummodo
1453 532 1630 575 meliore
1648 532 1901 576 condicione

215 623 376 651 usurus
424 607 492 650 sit.
541 607 680 650 Immo
728 606 834 649 illud
883 608 1005 647 ἀσκὸν
1049 610 1191 656 δείρειν
1236 612 1418 663 utroque
1458 606 1554 650 loco
1595 607 1765 664 legitur.
1799 607 1902 651 Alia

214 698 387 740 quoque
436 682 652 726 vocabula
695 682 832 725 literis
873 682 1059 725 cursivis
1101 697 1126 725 a
1168 682 1294 725 nobis
1336 682 1580 738 significata
1611 682 1898 727 imitationem

214 758 442 815 prodeunt.

272 866 425 910 Nubes
459 867 545 911 438
579 883 697 924 sqq:
807 875 882 908 νῦν
919 864 991 908 οὖν
1025 869 1212 920 χρήσθων
1245 868 1412 920 ἀτεχνῶς

863 945 882 984 ὅ
915 961 961 983 τι
993 946 1293 997 βούλονται·

804 1020 911 1060 τουτὶ
940 1020 1089 1071 τούμὸν
1123 1018 1214 1071 σῶμ’
1251 1020 1430 1060 αὐτοῖσιν

802 1095 1004 1148 παρέχω
1036 1098 1207 1146 τύπτειν,
1239 1102 1396 1147 πεινῆν,
1429 1096 1571 1147 διψῆν,

801 1172 979 1223 αὐχμεῖν,
1010 1172 1145 1224 ῥιγῶν,
1176 1171 1336 1210 ἀσκὸν
1369 1172 1589 1222 δείρειν,

802 1248 945 1297 εἴπερ
987 1245 1056 1295 (cf.
1102 1245 1292 1303 Euthyd.
1327 1247 1500 1299 μόνον)
1531 1247 1578 1286 τὰ
1611 1246 1702 1299 χρέα
1737 1248 1901 1297 ὁιαφευρ

1591 1321 1767 1378 [ξοῦμαι,
1796 1328 1873 1363 κτλ.

271 1440 346 1483 ΙΙΙ.
381 1440 428 1483 In
463 1441 663 1484 Phaedro
697 1457 871 1499 quoque
906 1442 1078 1498 dialogo
1112 1442 1376 1485 comicorum
1412 1441 1694 1485 festivitatem
1724 1446 1764 1484 et
1791 1441 1905 1498 lepo-

212 1532 302 1559 rem
350 1516 586 1560 identidem
634 1518 931 1574 agnoscimus.
980 1518 1166 1561 Phaedr.
1214 1519 1315 1567 236,
1363 1517 1634 1574 lepidissimo
1680 1518 1789 1567 loco,
1833 1517 1947 1560 ubi-

212 1592 384 1636 iuvenis
417 1592 644 1636 Socratem
680 1594 720 1636 vi
756 1598 796 1636 et
830 1593 962 1637 minis
996 1594 1240 1637 orationem
1275 1594 1436 1637 habere
1469 1593 1597 1649 cogit,
1633 1608 1706 1650 per
1722 1592 1907 1649 figuram

212 1668 535 1725 praeteritionis
569 1669 836 1712 comicorum
871 1669 1055 1713 facetias
1088 1669 1285 1713 imitatus
1313 1676 1400 1713 est:
1436 1672 1499 1709 ἵνα
1526 1670 1579 1722 μὴ
1607 1671 1648 1710 τὸ
1675 1677 1752 1710 τῶν
1770 1686 1907 1724 κωμῳ-

212 1748 292 1785 δῶν
319 1746 510 1796 φορτικὸν
538 1754 698 1798 πρᾶγμα
716 1746 1034 1799 ἀναγκαζώμεθα
1054 1751 1181 1786 ποιεῖν
1202 1746 1538 1793 ἀνταποδιδόντες
1556 1746 1738 1796 ἀλλήλοις

212 1821 243 1860 εἶ
291 1820 377 1873 ἐγὼ,
425 1817 453 1860 ὦ
490 1823 712 1871 Σώκρατεςε
759 1823 975 1873 Σωκράτην
1022 1821 1168 1874 ἀγνοῶ.
1208 1822 1273 1860 καὶ
1317 1822 1490 1872 ἐμαυτοῦ
1534 1820 1787 1872 ἐπιλέλησμαι
1827 1825 1906 1860 κτλ.

211 1896 461 1939 Affirmavit
494 1896 734 1945 Phaedrus,
770 1896 794 1939 i.
830 1912 866 1939 e.
901 1895 1041 1943 Plato.
1072 1912 1118 1939 se
1145 1896 1411 1939 comicorum
1439 1895 1644 1939 scurriles
1671 1895 1790 1938 iocos
1818 1909 1904 1938 non

212 1971 484 2015 imitaturum
531 1988 640 2015 esse.
685 1971 808 2022 Quae
850 1972 1083 2016 affirmatio
1127 1972 1279 2029 quanti
1322 1971 1525 2015 facienda
1565 1971 1634 2020 sit,
1668 1971 1823 2014 docent
1855 1985 1907 2014 ea

211 2062 323 2104 quae
356 2053 614 2104 sequuntur.
649 2048 743 2091 Iam
774 2047 922 2091 statim
957 2047 1248 2104 proverbialis
1281 2047 1357 2090 illa
1389 2046 1550 2090 locutio
1583 2047 1698 2099 ἐσμὲν
1731 2047 1773 2087 ὸὲ
1798 2049 1908 2098 μόιω

211 2124 252 2163 ἐν
295 2124 434 2178 ἐρημίᾳ
476 2123 517 2166 in
557 2123 782 2166 comoedia
824 2124 1004 2180 saepius
1038 2123 1203 2166 usitata
1235 2139 1332 2166 esse
1368 2123 1551 2167 videtur.
1585 2122 1638 2166 cf.
1671 2121 1905 2165 Terentius

211 2198 416 2241 Phormio
448 2199 546 2248 633,
578 2199 718 2243 Plaut.
747 2200 879 2243 Poen.
907 2200 1006 2243 891.
1037 2198 1291 2242 Ioculariter
1319 2214 1491 2256 quoque
1520 2198 1746 2242 Phaedrus
1773 2198 1904 2241 incer·

211 2278 282 2317 tus
326 2279 405 2317 est.
449 2290 524 2330 per
565 2290 694 2331 quem
729 2276 857 2319 deum
892 2275 1025 2318 iuret:
1059 2277 1206 2327 ὄμνυμι
1238 2277 1311 2328 γάρ
1345 2289 1405 2315 σοι
1438 2299 1488 2302 -
1524 2276 1612 2314 τίνα
1643 2275 1789 2325 μέντοι,
1818 2275 1906 2313 τίνα

210 2355 340 2397 θεῶνς
389 2349 497 2393 Item
542 2350 686 2393 minae
730 2366 842 2407 quae
884 2355 1127 2408 sequuntur
1170 2350 1314 2393 iocose
1348 2349 1502 2398 dictae,
1537 2364 1615 2392 nec
1649 2364 1733 2391 non
1767 2347 1904 2391 excla-

210 2426 345 2469 matio
394 2426 468 2468 illa
514 2426 730 2469 Socratis:
779 2429 914 2478 βαβαῖ,
956 2423 984 2466 ὦ
1029 2427 1144 2477 μιαρέ
1185 2431 1262 2465 κτλ.
1306 2425 1421 2467 Tota
1454 2424 1561 2468 haec
1594 2423 1755 2480 dialogi
1788 2438 1906 2480 pars,

211 2501 291 2545 etsi
325 2517 467 2544 sermo
503 2502 712 2544 urbanior
746 2507 810 2544 est
843 2517 975 2558 quam
1005 2501 1045 2543 in
1078 2501 1305 2544 comoedia
1333 2507 1371 2543 et
1406 2500 1522 2543 sales
1541 2515 1714 2557 quoque
1734 2498 1906 2542 urbani-

211 2577 313 2620 tatis
360 2577 580 2634 quendam
627 2578 815 2620 colorem
866 2577 1041 2626 hahent,
1085 2577 1217 2633 digna
1259 2581 1323 2619 est
1372 2591 1484 2634 quae
1517 2575 1559 2618 in
1593 2573 1906 2631 Aristophanis

211 2652 364 2695 fabula
396 2652 580 2708 legatur.
603 2651 701 2695 Vid.
736 2656 959 2708 praeterea
988 2652 1123 2695 verba
1156 2654 1203 2691 Τί
1228 2654 1326 2702 δῆτα
1346 2653 1443 2703 ἔχων
1470 2652 1631 2706 στρέφῃ,
1657 2649 1906 2706 similiaque

211 2728 252 2771 in
300 2727 436 2771 Arist.
486 2727 594 2770 Ach.
636 2728 737 2776 385,
781 2727 852 2770 ubi
898 2727 1176 2782 Dicaeopolis
1211 2726 1454 2770 orationem
1489 2726 1649 2769 habere
1682 2724 1849 2781 cogitur
1881 2739 1907 2767 a

211 2804 483 2860 coryphaeo:
526 2806 563 2844 τί
587 2812 708 2843 ταῦτα
741 2805 898 2855 στρέφει
929 2809 1019 2843 κτλ
1065 2803 1189 2853 Quod
1224 2807 1370 2845 autem
1406 2802 1538 2858 paulo
1572 2806 1666 2858 post
1702 2801 1906 2844 Socrates

209 2885 341 2937 caput
373 2879 585 2926 obvolvit,
615 2894 712 2921 cum
742 2878 984 2922 orationem
1014 2878 1103 2921 fere
1132 2876 1498 2933 dithyrambicam
1519 2876 1750 2920 habiturus
1769 2880 1831 2918 est
1853 2901 1902 2905 —

209 2969 321 3009 quae
380 2954 492 2997 duae
549 2970 619 2996 res
676 2954 783 2996 mihi
828 2953 1031 2996 videntur
1075 2952 1275 2995 nonnihil
1319 2967 1416 2995 esse
1459 2951 1659 2995 diversae
1710 2977 1776 3000 —‚
1825 2949 1905 2992 hoc
