2019 3299
900 218 979 259 153

94 338 189 382 eius
234 338 457 394 ingenium
505 339 721 381 aluerunt.
771 339 905 382 Poeta
937 339 1090 382 doctus
1125 344 1230 387 erat,
1267 339 1347 388 vel,
1381 342 1426 380 ut
1457 352 1555 380 cum
1590 337 1772 380 Horatio

94 413 338 469 loquamur,
372 413 548 456 assidue
580 413 924 457 circumvolabat

740 494 780 530 et
813 488 908 544 apis
940 488 1134 531 Matinae

623 577 741 605 more
776 563 991 619 modoque

445 641 570 692 grata
600 638 821 693 carpentis
854 638 1007 694 thyma
1039 653 1113 694 per
1144 637 1337 681 laborem

446 713 680 769 plurimum
714 713 828 756 circa
861 729 1017 757 nemus
1051 714 1258 771 uvidique

445 787 623 831 Tiburis
656 788 774 845 ripas
808 804 995 846 operosa
1028 788 1171 844 [nont]
1205 804 1368 845 parvus

621 864 823 908 Carmina
859 865 1065 921 fingebat.

149 939 216 982 Ad
250 940 347 983 illos
378 941 506 984 flores
539 940 647 984 varii
684 941 842 984 coloris
874 946 914 985 et
948 941 1041 985 suci
1074 941 1228 998 plenos
1263 942 1417 984 iterum
1452 946 1581 997 atque
1615 939 1770 981 iterum

93 1015 348 1071 ventitabat,
390 1015 675 1073 singulosque
718 1017 1045 1073 supervolitans
1088 1033 1140 1060 ex
1174 1017 1226 1060 iis
1259 1033 1412 1060 sucum
1441 1016 1639 1072 sugebat.
1668 1014 1772 1056 Inde

90 1089 222 1134 fiebat
261 1091 345 1134 mel
386 1096 426 1134 et
468 1091 512 1134 hi
550 1091 725 1135 fuerunt
769 1092 863 1136 eius
899 1109 1052 1136 versus
1092 1093 1252 1149 quibus
1285 1092 1502 1135 dulciores
1534 1106 1620 1133 non
1657 1088 1771 1132 novi.

90 1165 189 1208 Fuit
233 1165 347 1209 enim
383 1166 446 1209 vir
489 1167 563 1224 qui
600 1167 860 1210 solitudines
893 1168 1114 1224 captabat.
1147 1168 1437 1224 Intellegebat
1469 1172 1509 1210 et
1543 1165 1772 1213 sentiebat,

91 1245 136 1283 ut
183 1246 246 1284 est
292 1242 408 1298 apud
455 1242 671 1292 Tacitum,
725 1243 787 1297 „si
834 1243 1014 1298 dignum
1062 1242 1227 1300 aliquid
1272 1243 1499 1286 elaborare
1533 1246 1571 1284 et
1606 1241 1772 1284 efficere

91 1315 233 1364 vellet,
277 1316 609 1374 relinquendam
657 1333 755 1361 esse
798 1318 1178 1361 conversationem
1221 1318 1459 1362 amicorum
1502 1322 1542 1360 et
1574 1315 1772 1359 iucundi-

89 1395 222 1434 tatem
252 1392 384 1442 urbis,
413 1393 656 1437 deserenda
682 1393 837 1443 officia,
863 1393 905 1436 in
925 1409 1107 1437 nemora
1124 1398 1163 1436 et
1182 1394 1304 1437 lucos
1323 1409 1418 1437 esse
1437 1391 1773 1436 secedeiiduni''.

149 1465 214 1509 Ibi
246 1467 429 1511 flumina
458 1469 635 1512 amabat
667 1468 894 1526 silvasque
926 1468 1211 1525 „inglorius’'‚
1238 1469 1374 1512 literis
1403 1469 1587 1512 deditus.
1618 1468 1772 1524 Neque

91 1541 180 1584 vita
212 1542 436 1585 hominum
467 1544 636 1587 urbana
662 1544 756 1587 eius
779 1544 953 1600 ingenio
977 1544 1236 1588 alimentum
1256 1550 1294 1587 et
1314 1544 1539 1588 materiem
1557 1543 1771 1601 praebuit.

91 1617 251 1660 Hausit
283 1633 334 1661 ea
365 1634 416 1662 ex
448 1619 570 1662 libris
603 1625 734 1677 atque
766 1636 788 1663 e
821 1620 986 1664 rustica
1015 1620 1103 1663 vita
1131 1621 1438 1676 agricolarum,
1458 1636 1569 1677 quos
1590 1619 1770 1662 nimium

87 1691 335 1736 fortunatos
375 1694 657 1749 praedicabat
689 1711 796 1749 „sua
828 1695 864 1737 si
897 1695 1014 1738 bona
1046 1695 1234 1738 norint''.
1268 1695 1333 1737 Ex
1365 1695 1418 1738 iis
1451 1711 1519 1738 res
1552 1695 1771 1738 humanas

88 1767 304 1823 cognovit.
361 1768 482 1812 Sicut
529 1769 626 1812 aliis
674 1769 816 1826 poetis
863 1775 903 1812 et
961 1770 1260 1826 scriptoribus,
1312 1770 1524 1826 imprimis
1572 1770 1770 1819 scenicis,

90 1841 180 1886 vita
211 1843 380 1886 urbana
412 1848 478 1886 est
511 1844 759 1887 uberrimus
793 1844 905 1892 fons,
941 1859 991 1887 ex
1025 1860 1110 1901 quo
1145 1844 1186 1887 in
1220 1851 1479 1901 perpetuum
1514 1846 1566 1888 iis
1598 1845 1773 1902 profluit

85 1933 201 1961 nova
245 1918 463 1962 scribendi
510 1920 731 1968 materies,
774 1919 837 1963 ita
871 1919 1092 1976 Vergilius
1126 1935 1176 1962 ex
1210 1920 1332 1963 libris
1365 1925 1496 1977 atque
1529 1936 1580 1963 ex
1613 1925 1772 1964 natura

86 1995 232 2038 verba.
265 1993 589 2044 similitudines,
623 1995 867 2038 sententias
900 2000 939 2038 et
978 1995 1105 2052 quasi
1133 1996 1355 2052 quandam
1388 1996 1583 2039 divinam
1613 1995 1771 2038 mentis

89 2070 389 2114 incitationem
422 2070 589 2126 petivit.

145 2145 237 2188 Viri
267 2144 381 2189 docti
412 2150 573 2195 autem,
606 2145 757 2202 optimi
790 2146 1091 2202 exploratores
1129 2151 1170 2189 et
1200 2146 1492 2190 imitationum
1524 2152 1768 2195 venatores,

86 2219 412 2276 microscopica,
442 2228 485 2264 ut
515 2221 575 2264 ita
602 2221 756 2270 dicam,
786 2221 1070 2278 inquisitione
1089 2221 1412 2275 similitudines,
1432 2238 1544 2278 quae
1561 2222 1770 2270 latebant,

83 2294 480 2351 investigaverunt.
528 2297 681 2354 Neque
729 2312 798 2339 res
845 2297 908 2339 eis
957 2297 1071 2340 male
1117 2296 1243 2339 cedit.
1287 2297 1400 2340 Sunt
1438 2297 1651 2340 editiones
1683 2312 1770 2340 car·

86 2370 254 2413 minum
309 2371 663 2427 Vergilianorum
720 2372 959 2415 instructae
1007 2371 1194 2423 tabellis,
1239 2387 1352 2429 quae
1399 2372 1604 2415 exhibent
1650 2373 1769 2415 locos

86 2461 196 2502 quos
237 2445 456 2502 Vergilius
499 2447 598 2490 aliis
641 2447 781 2503 poetis
824 2451 864 2490 et
907 2447 1194 2504 scriptoribus
1237 2447 1378 2490 debet.
1413 2447 1553 2490 Nobis
1585 2462 1680 2490 eam
1714 2449 1769 2492 ob

85 2535 265 2564 causam
311 2520 488 2564 divinus
532 2527 660 2578 poeta
693 2521 837 2564 minus
869 2537 999 2565 carus
1033 2537 1120 2565 non
1159 2527 1236 2565 est.
1273 2522 1494 2565 Novimus
1526 2523 1642 2566 enim
1675 2523 1769 2567 eius

87 2595 261 2638 vivendi
292 2601 332 2639 et
365 2596 583 2640 scribendi
615 2597 845 2640 rationem.
881 2597 1036 2653 Neque
1065 2597 1180 2640 enim
1208 2597 1389 2641 floribus
1408 2597 1510 2641 vitio
1534 2599 1769 2642 tribuimus

84 2670 199 2727 quod
233 2670 457 2714 materiem
487 2676 527 2714 et
558 2672 817 2715 alimentum
852 2687 874 2714 e
907 2676 1023 2715 terra
1055 2677 1095 2714 et
1126 2687 1178 2714 ex
1211 2688 1310 2715 aere
1344 2673 1592 2723 exsorbent,
1627 2690 1768 2731 neque

85 2745 243 2802 apibus
283 2747 398 2803 quod
422 2735 589 2790 >sucum
628 2763 679 2790 ex
715 2747 897 2790 floribus
930 2748 1105 2794 ducunt,
1140 2748 1375 2791 dummodo
1408 2764 1572 2791 novum
1605 2750 1767 2806 aliquid

86 2822 270 2865 exsistat
301 2837 410 2865 neve
443 2823 497 2865 sit
529 2823 702 2866 servilis
735 2823 949 2866 mutuatio
983 2824 1056 2866 sed
1092 2823 1322 2880 splendida
1353 2824 1551 2868 mutatio.

144 2896 298 2947 Qualis
329 2904 477 2940 autem
514 2898 732 2954 Vergilius
758 2898 870 2941 inter
888 2902 1053 2954 poetas,
1074 2898 1173 2941 talis
1193 2898 1303 2941 inter
1322 2899 1610 2955 philosophos
1628 2899 1766 2942 Plato.

144 2971 245 3014 Non
279 2978 342 3015 est
378 2973 492 3029 quod
525 2988 783 3017 moneamus
811 2973 924 3016 lianc
951 2972 1325 3029 comparationem
1354 2973 1635 3030 aliquatenus
1653 2974 1767 3017 clau-
