2019 3299
579 951 1255 1044 SYNOPSIS.

1654 1222 1754 1257 Pagg.

75 1270 424 1314 PROOEMIUM
446 1303 1488 1313 ...............
1553 1284 1748 1312 xln—xx

74 1427 247 1483 Caput
316 1427 345 1470 Ι.
412 1427 484 1469 DE
532 1427 824 1470 SOCRATIS
873 1426 1035 1470 ANTE
1069 1426 1303 1469 IUDICES
1337 1424 1630 1468 SUPERBIA

413 1502 488 1544 ET
523 1502 1080 1553 MAGNILOQUENTIA.

217 1626 243 1680 ἓ
312 1627 347 1669 1.
409 1626 677 1670 Introductio
741 1658 1630 1670 .............
1731 1626 1744 1667 l

217 1735 235 1755 „
301 1702 340 1743 ⁰2.
406 1701 467 1744 De
495 1701 691 1744 Socratis
717 1702 829 1757 apud
860 1700 1202 1755 Aristophanem
1229 1700 1447 1756 superbia,
1471 1700 1632 1743 iactan-

412 1776 485 1821 tia.
521 1776 694 1823 duritia,
730 1776 953 1819 iracundia
1033 1808 1630 1818 .........
1723 1776 1750 1817 4

219 1885 237 1904 ,,
302 1853 342 1894 3.
407 1852 469 1894 De
507 1851 702 1895 Socratis
744 1852 785 1894 in
826 1851 1136 1907 Xenophontis
1168 1850 1530 1893 Memorabilibus
1563 1866 1627 1892 su«

414 1927 576 1981 perbia‚
609 1927 861 1981 acerbitate,
895 1927 1055 1969 duritia
1108 1959 1630 1968 ........
1724 1926 1747 1968 7

300 2002 341 2044 4.
408 2003 465 2045 De
504 2002 698 2046 Socratis
726 2002 938 2046 Platonici
958 2002 1178 2058 superbia,
1203 2002 1454 2049 acerbitate,
1473 2001 1632 2044 duritia
1697 2003 1748 2044 13

303 2080 342 2119 5.
407 2077 608 2121 Socrates
635 2084 672 2121 et
702 2078 853 2135 Cynici
879 2078 1104 2135 Stoicique
1132 2079 1243 2120 inter
1259 2094 1305 2120 se
1323 2083 1633 2134 comparantur
1697 2079 1748 2121 16

303 2154 342 2195 ss.
408 2153 468 2195 De
511 2153 705 2197 Socratis
743 2154 783 2196 in
822 2154 1038 2210 Apologia
1069 2153 1394 2208 Xenophontea
1425 2153 1631 2209 superbia
1696 2155 1747 2197 19

302 2229 341 2270 7.
409 2229 467 2270 De
500 2228 694 2272 Socratis
727 2229 768 2271 in
804 2229 1021 2285 Apologia
1053 2229 1281 2272 Platonica
1312 2229 1518 2283 snperbia
1547 2263 1554 2270 .
1620 2263 1628 2271 .
1692 2230 1747 2272 23

303 2303 344 2345 8.
410 2304 470 2346 De
503 2303 685 2347 Platone
719 2304 943 2347 Socratem
979 2291 1107 2347 stium
1142 2304 1390 2361 expoliente
1474 2339 1482 2346 .
1547 2338 1555 2346 .
1622 2339 1629 2347 .
1692 2305 1747 2347 27

71 2456 251 2514 Caput
293 2459 346 2501 ΙΙ.
411 2459 484 2501 DE
525 2458 863 2503 DAEMONIO.'

213 2581 250 2646 ξΙ
307 2584 342 2625 1.
406 2582 612 2626 Defensio
646 2589 686 2626 et
718 2599 879 2626 causae
911 2583 1110 2627 tractatio
1142 2585 1257 2640 apud
1287 2584 1626 2641 Xenophontem
1690 2586 1745 2628 32

219 2692 237 2711 „
302 2658 342 2701 2.
408 2658 614 2701 Defensio
647 2664 687 2701 et
719 2674 880 2701 causae
912 2659 1113 2702 tractatio
1146 2659 1262 2715 apud
1295 2659 1553 2703 Platonem.
1616 2694 1624 2702 .
1690 2662 1744 2703 33

219 2767 238 2787 „
302 2735 342 2776 3.
407 2733 489 2776 Pro
521 2739 637 2776 certo
663 2734 826 2777 scimus
853 2734 1015 2777 crimen
1044 2734 1281 2790 impietatis
1304 2735 1483 2778 dimidia
1510 2740 1628 2792 parte

409 2814 610 2852 constare
644 2809 684 2851 in
719 2810 950 2852 daemonio
1030 2844 1625 2854 .........
1689 2813 1745 2855 35

220 2917 238 2938 „
302 2884 340 2926 4.
407 2884 568 2927 Vocem
602 2900 699 2928 esse
731 2885 1009 2928 daemonium
1030 2919 1038 2928 .
1103 2920 1111 2928 .
1176 2920 1184 2927 .
1249 2919 1258 2927 .
1323 2920 1332 2929 .
1397 2921 1405 2928 .
1469 2921 1477 2929 .
1545 2921 1552 2929 .
1616 2921 1624 2930 .
1688 2888 1744 2930 36

219 2994 238 3014 „
302 2963 342 3003 5.
408 2964 619 3002 Μαντικόν
649 2979 680 3001 τι
715 2977 813 3005 esse
844 2961 1122 3005 daemonium
1177 2996 1184 3004 .
1249 2996 1257 3004 .
1324 2996 1332 3004 .
1396 2996 1404 3005 .
1471 2997 1478 3005 .
1544 2996 1552 3004 .
1618 2997 1625 3004 .
1688 2963 1742 3005 37
1809 3013 1812 3016 ‚

139 3049 299 3083 Apologia
320 3049 575 3084 Xenophontea.
