2019 3299
892 182 983 210 XVII

87 282 356 335 'testimoniis
393 291 743 347 componendum
776 306 873 333 esse
906 306 1181 333 communem
1216 290 1438 339 factorem,
1473 290 1592 334 illum
1625 296 1771 334 autem

96 382 369 410 communem
428 367 635 410 factorem
694 382 790 409 esse
848 366 1050 421 Ignotum
1108 371 1304 409 nostrum
1359 366 1597 415 Socratem,
1645 382 1772 423 quem

96 441 361 498 quaerimus.
396 442 721 497 philosophum.

155 517 241 560 Sed
282 534 334 560 ne
375 517 460 560 tale
503 516 676 573 quidem
720 517 1015 572 investigandi
1047 516 1279 559 consilium
1315 517 1376 559 sic
1408 522 1567 560 temere
1603 516 1775 572 probari

97 597 250 650 potest.
283 592 574 649 Suspicantur
605 592 720 635 enim
757 591 835 634 viri
868 592 995 641 docti,
1030 607 1169 649 neque
1202 592 1297 635 sine
1324 608 1471 637 causa.
1501 608 1552 635 ex
1579 593 1642 635 eis
1669 591 1775 648 ipsis

95 667 380 725 scriptoribus
423 667 496 725 qui
537 667 734 711 Socratis
771 667 972 724 discipuli
1005 667 1179 710 fuerunt
1212 672 1318 721 (non
1352 668 1480 723 igitur
1513 669 1775 724 posteriores

96 743 266 790 solum).
315 743 449 786 alium
496 758 842 800 nonnumquam,
891 742 926 784 si
976 758 1060 785 non
1104 747 1256 792 totum,
1300 747 1491 787 attamen
1535 744 1683 801 aliqua
1725 760 1777 788 ex

96 823 232 876 parte,
266 833 317 861 ex
347 818 433 861 alio
467 818 668 875 pendere.
702 818 766 860 Ex
792 818 1007 861 eiusmodi
1036 823 1214 861 auctore
1242 818 1604 875 approbationem
1632 824 1775 876 petere

97 909 182 938 non
223 893 321 936 licet
362 893 445 936 nisi
484 909 660 937 summa
691 894 892 936 cautione
925 893 1124 937 adhibita
1156 899 1195 936 et
1229 909 1359 950 saepe
1385 894 1492 937 talia
1517 899 1778 950 argumenta

96 969 349 1025 seponenda
380 974 481 1011 sunt
514 984 654 1024 neque
688 969 729 1011 in
763 985 943 1012 censum
979 969 1124 1011 venire
1158 974 1354 1025 possunt.

159 1044 368 1087 Videmus
400 1044 613 1087 rationem
648 1060 744 1087 esse
779 1044 1046 1100 implicitam.

154 1121 377 1178 Optimum
425 1127 571 1164 autem
619 1120 698 1164 erit
740 1137 956 1178 quemque
1000 1121 1081 1163 sibi
1120 1121 1308 1177 deligere
1341 1122 1531 1177 agellum
1563 1122 1776 1166 arandum

97 1202 137 1241 et
177 1197 539 1254 perscrutandum
583 1202 628 1240 ut
661 1197 702 1239 in
738 1213 788 1240 eo
820 1212 950 1253 quam
986 1196 1174 1239 maxime
1208 1202 1248 1239 et
1280 1212 1411 1253 quain
1444 1197 1777 1253 diligentissime

96 1259 236 1330 potest
283 1273 463 1316 laboret.
511 1273 631 1316 Sicut
678 1272 1013 1328 archaeologici‚
1061 1272 1135 1328 qui
1178 1272 1385 1329 reliquias
1418 1277 1458 1315 et
1491 1273 1779 1317 fundamenta

98 1348 495 1392 vetustissimarum
538 1347 749 1391 Graeciae
786 1348 972 1398 urbium,
1006 1347 1101 1390 dico
1134 1347 1312 1390 Troiam
1362 1347 1585 1404 Mycenas,
1618 1348 1777 1392 Orcho-

97 1439 285 1473 menum,
314 1423 467 1466 Cretae
497 1423 639 1473 urbes,
667 1428 946 1480 aperuerunt,
976 1423 1036 1466 ita
1064 1423 1274 1479 philologi
1303 1439 1475 1480 quoque
1495 1424 1534 1466 in
1554 1424 1777 1467 literarum

96 1514 249 1556 campo
281 1499 470 1542 effodere
503 1499 661 1542 debent
694 1499 902 1556 quidquid
931 1499 972 1542 in
1002 1503 1117 1542 terra
1149 1499 1266 1542 latet.
1295 1499 1482 1547 Etenim,
1511 1515 1776 1556 quamquam

97 1574 299 1632 permulti
326 1575 407 1618 viri
435 1574 711 1631 sagacissimi
739 1580 779 1618 et
810 1575 1063 1631 peritissimi
1091 1575 1382 1632 pulcherrima
1405 1576 1585 1619 inventa
1602 1575 1779 1632 collegis

97 1650 326 1694 ostendere
367 1655 618 1707 potuerunt,
662 1666 921 1707 persuasum
964 1656 1028 1693 est
1066 1651 1193 1694 nobis
1227 1651 1440 1694 nonnulla
1471 1651 1613 1694 adhuc
1645 1651 1780 1695 latere

97 1742 237 1784 neque
265 1742 436 1782 semper
463 1741 515 1769 ea
541 1727 709 1770 ratione
738 1742 849 1783 quae
881 1726 1125 1770 rectissima
1152 1732 1216 1770 est
1243 1731 1401 1771 terram
1431 1727 1637 1770 effossam
1668 1743 1777 1771 esse.

157 1876 350 1933 Agellus,
400 1892 528 1934 quem
587 1876 714 1920 nobis
771 1876 997 1933 elegimus,
1058 1882 1122 1920 est
1174 1878 1390 1935 Apologia
1442 1877 1778 1935 Xenophontem,

98 1967 177 1995 nec
223 1967 309 1996 non
358 1951 576 2009 Apologia
624 1951 865 1996 Platonica.
922 1952 1021 1996 Fuit
1069 1958 1242 2009 tempus
1292 1980 1340 1983 —
1395 1953 1646 2003 Wielandii,
1696 1953 1780 1997 nisi

97 2026 237 2076 fallor,
284 2032 427 2071 aetate
463 2054 527 2076 —,
572 2042 668 2070 cum
714 2027 795 2070 viri
837 2027 949 2070 docti
983 2027 1323 2084 Xenophontem
1358 2028 1617 2072 fidissimum
1651 2029 1779 2072 habe-

97 2107 191 2145 rent
237 2107 459 2146 auctorem
506 2118 656 2147 earum
701 2118 844 2146 rerum
889 2119 1001 2161 quae
1044 2104 1097 2147 ad
1132 2104 1324 2148 Socratis
1359 2104 1492 2148 vitam
1526 2110 1563 2147 et
1598 2105 1650 2148 ad
1684 2104 1780 2147 eius

96 2178 419 2234 philosophiam
448 2179 726 2235 pertinerent.
756 2179 960 2222 Proximo
989 2180 1165 2223 saeculo
1194 2180 1470 2223 turbulentae
1496 2185 1779 2237 tempestates

98 2253 368 2297 exstiterunt.
421 2253 551 2297 Nunc
590 2253 707 2297 venti
742 2254 1017 2312 aliquantum
1050 2255 1324 2298 remiserunt.
1358 2255 1653 2306 Quamobrem
1686 2271 1779 2311 spe-

97 2344 258 2377 ramus,
307 2329 388 2372 etsi
430 2344 516 2372 non
555 2329 705 2373 omnia
736 2330 888 2373 nubila
919 2330 1100 2374 disiecta
1132 2335 1234 2374 sunt
1267 2346 1407 2388 neque
1439 2336 1578 2374 totuin
1611 2331 1778 2374 coelum

98 2404 223 2447 nobis
270 2420 473 2448 serenum
520 2405 735 2449 redditum
785 2410 865 2455 est,
915 2406 995 2449 hoc
1039 2406 1251 2462 opusculo
1294 2406 1457 2462 aliquid
1501 2422 1580 2449 nos
1614 2406 1780 2449 efficere

98 2495 226 2536 posse
259 2484 410 2523 contra
442 2479 750 2537 Xenophontis
782 2481 1109 2525 obtrectatores.

156 2555 256 2598 Non
312 2555 567 2612 ignoramus
616 2571 714 2600 raro
762 2557 804 2599 in
853 2562 1002 2600 nostra
1049 2563 1141 2600 arte
1189 2573 1265 2614 pro
1312 2563 1439 2605 certo,
1495 2558 1606 2601 sicut
1663 2559 1780 2614 apud

98 2630 446 2680 mathematicos,
480 2630 642 2687 aliquid
677 2631 970 2675 demonstrari
1004 2648 1146 2687 posse.
1181 2632 1538 2676 probabilitatem
1568 2639 1607 2675 et
1634 2633 1780 2676 verisi-

99 2705 386 2749 militudinem
420 2706 674 2763 plerumque
707 2712 918 2763 tanquam
953 2723 1149 2750 summas
1183 2708 1288 2751 deas
1318 2723 1590 2751 veneramur.
1618 2708 1780 2751 Contra

99 2781 247 2836 procul
285 2780 475 2824 habendi
514 2787 613 2824 sunt
656 2781 693 2824 ei
737 2797 920 2838 quorum
967 2782 1094 2825 unica
1135 2782 1268 2825 libido
1302 2798 1399 2825 esse
1435 2783 1601 2825 videtur
1633 2783 1781 2825 omnia

98 2855 141 2898 in
199 2855 379 2899 dubium
438 2871 606 2899 vocare.
676 2856 845 2907 Quibus
902 2857 1221 2900 adnumerandi
1269 2862 1370 2901 sunt
1420 2857 1499 2900 viri
1546 2858 1659 2900 docti
1706 2858 1779 2915 qui

99 2931 357 2987 Apologiam
406 2930 775 2987 Xenophonteam
819 2932 1105 2988 Xenophonti
1145 2933 1412 2976 abiudicant.
1455 2933 1591 2976 Cuius
1634 2933 1780 2989 scripti
