2019 3299
932 176 980 218 31

171 296 289 340 Idem
335 295 381 338 E.
424 296 698 340 SCHWARTz:
750 297 867 351 „Den
904 296 1156 353 ldealtypus
1189 297 1270 339 soll
1312 298 1386 340 der
1428 297 1791 354 Charakterkopf

113 377 321 420 ersetzen,
360 371 427 414 die
461 371 734 415 klassischen
768 371 1036 428 Gespenster
1067 371 1158 414 sich
1192 371 1440 415 verdichten
1461 388 1511 415 zu
1530 372 1793 416 Individuen

112 445 351 489 leibhaften
391 445 626 489 Wesens''.

55 512 59 515 ’
170 521 397 564 Postremo
429 520 795 563 vWILAMOWITz:
832 520 918 575 „So
953 520 1185 565 verdienen
1209 521 1321 565 auch
1350 521 1418 564 die
1447 537 1629 578 groszen
1658 523 1790 566 Athe-

113 611 202 645 ner,
237 595 339 639 dasz
370 610 470 639 man
504 594 571 637 ihr
603 594 804 645 Wirken‚
836 595 929 639 ihre
960 595 1124 638 Person
1158 595 1395 639 entkleidet
1414 612 1497 639 von
1522 597 1618 640 dem
1638 597 1792 641 klassi-

113 670 244 713 schen
272 669 462 713 Nimbus
490 669 744 713 individuell
772 671 858 714 und
884 670 1195 727 geschichtlich
1225 671 1420 727 zugleich
1439 671 1621 722 erfasse,
1640 673 1792 716 soweit

113 761 159 789 es
200 745 309 788 eben
350 744 552 801 moglich.
597 745 722 789 Dann
754 745 866 789 lernt
897 761 999 790 man
1033 746 1287 789 allmahlich
1321 746 1561 803 begmifen,
1595 763 1686 791 was
1719 748 1793 791 der

113 820 281 864 Genius
314 820 459 863 wollte
492 821 578 864 und
611 820 692 864 wie
729 836 774 864 er
805 821 959 865 wirkte
982 837 1062 865 aus
1094 822 1238 865 seiner
1269 822 1360 865 Zeit
1396 823 1475 866 auf
1503 822 1623 866 seine
1655 823 1792 867 Zeit’'.

170 895 381 953 Discipuli
424 899 522 953 post
566 902 748 940 mortem
797 896 970 954 scriptis
1017 896 1109 940 suis
1156 897 1275 941 cultu
1325 913 1462 953 paene
1503 898 1651 941 divino
1693 914 1791 942 eum

113 971 329 1028 prosecuti
361 978 479 1017 sunt.
511 972 751 1016 Posteritas
784 973 898 1016 hanc
926 972 1020 1016 eius
1046 972 1229 1029 gloriam
1259 973 1389 1017 etiam
1419 978 1647 1017 auxerunt.
1676 974 1793 1018 Suae

110 1046 304 1104 ipsorum
354 1047 582 1092 inanitatis
629 1052 670 1091 et
724 1047 916 1090 levitatis
962 1052 1164 1104 pertaesa
1212 1063 1374 1104 magna
1419 1063 1520 1104 pars
1564 1049 1790 1092 hominum

113 1123 324 1168 adorandi
369 1124 583 1168 desiderio
630 1128 814 1172 tenetur,
862 1125 1047 1168 adorant
1079 1128 1225 1168 autem
1269 1140 1345 1168 eos
1377 1124 1494 1168 viros
1526 1124 1600 1181 qui
1632 1139 1792 1180 magno

112 1198 285 1255 ingenio
332 1199 514 1257 praediti
561 1199 671 1243 alios
717 1199 947 1243 altitudine
1009 1204 1050 1243 et
1105 1199 1408 1255 magnitudine
1465 1199 1600 1243 animi
1664 1199 1792 1255 longe

113 1280 334 1331 superant.
382 1275 524 1331 Saepe
570 1279 731 1324 tamen,
779 1274 815 1317 si
863 1274 961 1318 illos
1010 1274 1127 1318 viros
1169 1275 1422 1326 ingeniosos
1455 1290 1506 1318 ex
1548 1275 1792 1332 propinquo

112 1350 473 1407 contemplamur,
506 1351 852 1407 expectationem
894 1355 1089 1394 nostram
1122 1350 1368 1394 frustantur
1400 1355 1441 1393 et
1474 1350 1645 1395 fallunt.
1678 1351 1791 1394 Tum

114 1425 313 1470 videmus
344 1430 385 1469 et
417 1425 531 1483 apud
564 1441 638 1469 eos
673 1425 855 1469 virtutes
890 1424 1006 1468 vitiis
1040 1425 1276 1483 permixtas
1310 1442 1419 1469 esse.

171 1648 364 1691 Effectus
396 1646 527 1694 huius
559 1646 714 1703 capitis
747 1646 873 1690 nohis
904 1646 1061 1704 triplex
1092 1663 1190 1691 esse
1224 1647 1405 1691 videtur.

170 1754 203 1798 Ι.
237 1754 440 1798 Socrates
488 1769 574 1797 non
623 1769 796 1811 semper
843 1759 935 1798 erat
982 1754 1113 1797 homo
1160 1755 1340 1811 elegans
1387 1760 1427 1798 et
1469 1755 1679 1805 urbanus,
1712 1756 1788 1799 sed

111 1845 243 1887 saepe
273 1830 421 1884 durus,
455 1829 657 1876 incultus,
692 1830 922 1886 superbus.
956 1831 1155 1885 acerbus,
1187 1830 1384 1874 mordax,

166 1937 219 1981 ΙΙ.
254 1936 503 1992 Xenophon
537 1937 578 1980 in
613 1937 832 1994 Apologia
857 1953 940 1981 sua
967 1937 1093 1981 nobis
1113 1954 1261 1982 veram
1288 1939 1538 1995 superbiam
1558 1944 1599 1982 et
1617 1939 1785 1996 magni-

107 2013 377 2070 loquentiam
416 2012 532 2056 dedit
565 2018 605 2056 et
641 2028 789 2056 verum
825 2013 1069 2057 Socratem.

169 2120 244 2165 IlI.
277 2121 402 2165 Plato
430 2122 555 2166 nobis
584 2122 806 2166 hominem
834 2123 1029 2166 divinum
1058 2124 1132 2167 sed
1159 2124 1305 2167 fictum
1334 2129 1436 2167 ante
1454 2124 1604 2167 oculos
1624 2125 1783 2180 posuit,

110 2196 233 2240 cuius
277 2197 484 2253 superbia
529 2213 703 2255 quoque
749 2197 994 2242 inhumana
1043 2204 1083 2242 et
1127 2215 1258 2256 prope
1295 2200 1456 2247 divina,
1500 2200 1711 2256 languida
1748 2205 1788 2243 et

109 2276 261 2316 contra
293 2272 519 2317 veritatem
553 2277 632 2316 est.
