<?xml version="1.0" encoding="UTF-8"?>
<!DOCTYPE html PUBLIC "-//W3C//DTD XHTML 1.0 Transitional//EN"
    "http://www.w3.org/TR/xhtml1/DTD/xhtml1-transitional.dtd">
<html xmlns="http://www.w3.org/1999/xhtml" xml:lang="en" lang="en">
 <head>
  <title>
</title>
<meta http-equiv="Content-Type" content="text/html;charset=utf-8" />
  <meta name='ocr-system' content='tesseract 3.04.00' />
  <meta name='ocr-capabilities' content='ocr_page ocr_carea ocr_par ocr_line ocrx_word'/>
</head>
<body>
  <div class='ocr_page' id='page_1' title='image "./deapologiaxenoph00vrijuoft_0025.png"; bbox 0 0 2019 3299; ppageno 0'>
   <div class='ocr_carea' id='block_1_1' title="bbox 821 764 1067 808">
    <p class='ocr_par' dir='ltr' id='par_1_1' title="bbox 821 764 1067 808">
     <span class='ocr_line' id='line_1_1' title="bbox 821 764 1067 808; baseline -0.008 0"><span class='ocrx_word' id='word_1_1' title='bbox 821 765 1016 808; x_wconf 84' lang='lat' dir='ltr'><strong>CAPUT</strong></span> <span class='ocrx_word' id='word_1_2' title='bbox 1052 764 1067 806; x_wconf 85' lang='grc' dir='ltr'>Ι</span> 
     </span>
    </p>
   </div>
   <div class='ocr_carea' id='block_1_2' title="bbox 169 925 1721 1088">
    <p class='ocr_par' dir='ltr' id='par_1_2' title="bbox 169 925 1721 1088">
     <span class='ocr_line' id='line_1_2' title="bbox 169 925 1721 981; baseline -0.001 -2"><span class='ocrx_word' id='word_1_3' title='bbox 169 927 261 980; x_wconf 76' lang='grc' dir='ltr'>ΒΕ</span> <span class='ocrx_word' id='word_1_4' title='bbox 302 926 637 981; x_wconf 77' lang='lat' dir='ltr'>SOORATIS</span> <span class='ocrx_word' id='word_1_5' title='bbox 677 926 866 979; x_wconf 75' lang='lat' dir='ltr'><strong>ANTE</strong></span> <span class='ocrx_word' id='word_1_6' title='bbox 906 925 1195 981; x_wconf 76' lang='lat' dir='ltr'>IUDIOES</span> <span class='ocrx_word' id='word_1_7' title='bbox 1236 925 1591 981; x_wconf 74' lang='lat' dir='ltr'>SUPERBIA</span> <span class='ocrx_word' id='word_1_8' title='bbox 1634 926 1721 978; x_wconf 77' lang='lat' dir='ltr'>ET</span> 
     </span>
     <span class='ocr_line' id='line_1_3' title="bbox 608 1020 1277 1088; baseline 0 -14"><span class='ocrx_word' id='word_1_9' title='bbox 608 1020 1277 1088; x_wconf 74' lang='lat' dir='ltr'><strong>MAGNILOQUENTIA.</strong></span> 
     </span>
    </p>
   </div>
   <div class='ocr_carea' id='block_1_3' title="bbox 660 1197 1176 1246">
    <p class='ocr_par' dir='ltr' id='par_1_3' title="bbox 660 1197 1176 1246">
     <span class='ocr_line' id='line_1_4' title="bbox 660 1197 1176 1246; baseline -0.004 -11"><span class='ocrx_word' id='word_1_10' title='bbox 660 1199 684 1246; x_wconf 66' lang='grc' dir='ltr'>ξ</span> <span class='ocrx_word' id='word_1_11' title='bbox 743 1201 776 1235; x_wconf 94' lang='grc'>1.</span> <span class='ocrx_word' id='word_1_12' title='bbox 807 1197 1176 1235; x_wconf 84' lang='lat' dir='ltr'>INTRODUCTIO.</span> 
     </span>
    </p>
   </div>
   <div class='ocr_carea' id='block_1_4' title="bbox 91 1330 1775 1842">
    <p class='ocr_par' dir='ltr' id='par_1_4' title="bbox 91 1330 1775 1842">
     <span class='ocr_line' id='line_1_5' title="bbox 153 1330 1775 1388; baseline 0 -14"><span class='ocrx_word' id='word_1_13' title='bbox 153 1330 378 1387; x_wconf 87' lang='lat' dir='ltr'>Multiplex</span> <span class='ocrx_word' id='word_1_14' title='bbox 406 1336 446 1374; x_wconf 89' lang='lat' dir='ltr'>et</span> <span class='ocrx_word' id='word_1_15' title='bbox 480 1331 650 1374; x_wconf 77' lang='lat' dir='ltr'>varium</span> <span class='ocrx_word' id='word_1_16' title='bbox 682 1330 819 1374; x_wconf 86' lang='lat' dir='ltr'>fuisse</span> <span class='ocrx_word' id='word_1_17' title='bbox 852 1330 1048 1374; x_wconf 86' lang='lat' dir='ltr'>Socratis</span> <span class='ocrx_word' id='word_1_18' title='bbox 1081 1330 1304 1386; x_wconf 81' lang='lat' dir='ltr'>ingenium</span> <span class='ocrx_word' id='word_1_19' title='bbox 1340 1330 1469 1374; x_wconf 91' lang='lat' dir='ltr'>nimis</span> <span class='ocrx_word' id='word_1_20' title='bbox 1503 1346 1633 1387; x_wconf 86' lang='lat' dir='ltr'>saepe</span> <span class='ocrx_word' id='word_1_21' title='bbox 1668 1331 1775 1388; x_wconf 83' lang='lat' dir='ltr'>fugit</span> 
     </span>
     <span class='ocr_line' id='line_1_6' title="bbox 95 1406 1774 1463; baseline 0 -13"><span class='ocrx_word' id='word_1_22' title='bbox 95 1406 209 1450; x_wconf 86' lang='lat' dir='ltr'>viros</span> <span class='ocrx_word' id='word_1_23' title='bbox 251 1407 415 1450; x_wconf 85' lang='lat' dir='ltr'>doctos.</span> <span class='ocrx_word' id='word_1_24' title='bbox 462 1407 590 1463; x_wconf 85' lang='lat' dir='ltr'>Apud</span> <span class='ocrx_word' id='word_1_25' title='bbox 624 1406 854 1450; x_wconf 76' lang='lat' dir='ltr'>Platonem</span> <span class='ocrx_word' id='word_1_26' title='bbox 889 1411 1057 1449; x_wconf 87' lang='lat' dir='ltr'>tantum</span> <span class='ocrx_word' id='word_1_27' title='bbox 1090 1421 1177 1448; x_wconf 94' lang='lat' dir='ltr'>non</span> <span class='ocrx_word' id='word_1_28' title='bbox 1212 1421 1384 1462; x_wconf 80' lang='lat' dir='ltr'>semper</span> <span class='ocrx_word' id='word_1_29' title='bbox 1415 1406 1611 1450; x_wconf 83' lang='lat' dir='ltr'>urbanus</span> <span class='ocrx_word' id='word_1_30' title='bbox 1649 1407 1774 1450; x_wconf 89' lang='lat' dir='ltr'>nobis</span> 
     </span>
     <span class='ocr_line' id='line_1_7' title="bbox 91 1481 1775 1539; baseline 0.001 -14"><span class='ocrx_word' id='word_1_31' title='bbox 91 1482 359 1539; x_wconf 87' lang='lat' dir='ltr'>depingitur;</span> <span class='ocrx_word' id='word_1_32' title='bbox 403 1482 583 1525; x_wconf 89' lang='lat' dir='ltr'>comiter</span> <span class='ocrx_word' id='word_1_33' title='bbox 619 1481 800 1531; x_wconf 91' lang='lat' dir='ltr'>amicos,</span> <span class='ocrx_word' id='word_1_34' title='bbox 835 1482 995 1531; x_wconf 87' lang='lat' dir='ltr'>socios,</span> <span class='ocrx_word' id='word_1_35' title='bbox 1030 1481 1231 1524; x_wconf 91' lang='lat' dir='ltr'>homines</span> <span class='ocrx_word' id='word_1_36' title='bbox 1264 1497 1438 1538; x_wconf 86' lang='lat' dir='ltr'>quoque</span> <span class='ocrx_word' id='word_1_37' title='bbox 1470 1482 1616 1525; x_wconf 74' lang='lat' dir='ltr'>minus·</span> <span class='ocrx_word' id='word_1_38' title='bbox 1648 1487 1775 1526; x_wconf 88' lang='lat' dir='ltr'>notos</span> 
     </span>
     <span class='ocr_line' id='line_1_8' title="bbox 95 1557 1775 1615; baseline 0.001 -15"><span class='ocrx_word' id='word_1_39' title='bbox 95 1558 161 1601; x_wconf 92' lang='lat' dir='ltr'>vel</span> <span class='ocrx_word' id='word_1_40' title='bbox 206 1557 381 1614; x_wconf 84' lang='lat' dir='ltr'>ignotos</span> <span class='ocrx_word' id='word_1_41' title='bbox 422 1557 673 1615; x_wconf 71' lang='lat' dir='ltr'>alloquitur.</span> <span class='ocrx_word' id='word_1_42' title='bbox 719 1557 949 1601; x_wconf 74' lang='lat' dir='ltr'>Platonem</span> <span class='ocrx_word' id='word_1_43' title='bbox 989 1573 1163 1614; x_wconf 87' lang='lat' dir='ltr'>quoque</span> <span class='ocrx_word' id='word_1_44' title='bbox 1206 1557 1352 1613; x_wconf 87' lang='lat' dir='ltr'>ipsum</span> <span class='ocrx_word' id='word_1_45' title='bbox 1386 1557 1604 1600; x_wconf 88' lang='lat' dir='ltr'>urbanum</span> <span class='ocrx_word' id='word_1_46' title='bbox 1639 1557 1775 1602; x_wconf 87' lang='lat' dir='ltr'>fuisse</span> 
     </span>
     <span class='ocr_line' id='line_1_9' title="bbox 92 1633 1772 1690; baseline 0 -14"><span class='ocrx_word' id='word_1_47' title='bbox 92 1633 217 1678; x_wconf 88' lang='lat' dir='ltr'>facile</span> <span class='ocrx_word' id='word_1_48' title='bbox 243 1633 475 1677; x_wconf 88' lang='lat' dir='ltr'>credimus.</span> <span class='ocrx_word' id='word_1_49' title='bbox 505 1633 851 1690; x_wconf 85' lang='lat' dir='ltr'>Nonnumquam</span> <span class='ocrx_word' id='word_1_50' title='bbox 878 1633 990 1676; x_wconf 87' lang='lat' dir='ltr'>tristi</span> <span class='ocrx_word' id='word_1_51' title='bbox 1021 1633 1158 1681; x_wconf 85' lang='lat' dir='ltr'>vultu,</span> <span class='ocrx_word' id='word_1_52' title='bbox 1187 1633 1419 1682; x_wconf 86' lang='lat' dir='ltr'>meditans,</span> <span class='ocrx_word' id='word_1_53' title='bbox 1450 1633 1772 1688; x_wconf 76' lang='lat' dir='ltr'>cogitabundus</span> 
     </span>
     <span class='ocr_line' id='line_1_10' title="bbox 92 1708 1771 1766; baseline -0.001 -15"><span class='ocrx_word' id='word_1_54' title='bbox 92 1724 167 1766; x_wconf 88' lang='lat' dir='ltr'>per</span> <span class='ocrx_word' id='word_1_55' title='bbox 200 1708 294 1752; x_wconf 90' lang='lat' dir='ltr'>vias</span> <span class='ocrx_word' id='word_1_56' title='bbox 328 1709 431 1759; x_wconf 88' lang='lat' dir='ltr'>ibat,</span> <span class='ocrx_word' id='word_1_57' title='bbox 465 1709 501 1752; x_wconf 90' lang='lat' dir='ltr'>si</span> <span class='ocrx_word' id='word_1_58' title='bbox 535 1708 709 1766; x_wconf 89' lang='lat' dir='ltr'>quidem</span> <span class='ocrx_word' id='word_1_59' title='bbox 743 1708 922 1752; x_wconf 87' lang='lat' dir='ltr'>comicis</span> <span class='ocrx_word' id='word_1_60' title='bbox 955 1708 1062 1751; x_wconf 89' lang='lat' dir='ltr'>fides</span> <span class='ocrx_word' id='word_1_61' title='bbox 1090 1708 1296 1751; x_wconf 89' lang='lat' dir='ltr'>habenda</span> <span class='ocrx_word' id='word_1_62' title='bbox 1324 1713 1402 1751; x_wconf 86' lang='lat' dir='ltr'>est.</span> <span class='ocrx_word' id='word_1_63' title='bbox 1433 1708 1638 1764; x_wconf 82' lang='lat' dir='ltr'>Legimus</span> <span class='ocrx_word' id='word_1_64' title='bbox 1657 1709 1771 1752; x_wconf 74' lang='lat' dir='ltr'>enini</span> 
     </span>
     <span class='ocr_line' id='line_1_11' title="bbox 91 1784 948 1842; baseline -0.001 -14"><span class='ocrx_word' id='word_1_65' title='bbox 91 1785 205 1841; x_wconf 91' lang='lat' dir='ltr'>apud</span> <span class='ocrx_word' id='word_1_66' title='bbox 240 1784 435 1842; x_wconf 86' lang='lat' dir='ltr'>Amphin</span> <span class='ocrx_word' id='word_1_67' title='bbox 469 1784 510 1827; x_wconf 95' lang='lat' dir='ltr'>in</span> <span class='ocrx_word' id='word_1_68' title='bbox 546 1784 641 1828; x_wconf 90' lang='lat' dir='ltr'>eius</span> <span class='ocrx_word' id='word_1_69' title='bbox 680 1786 948 1839; x_wconf 73' lang='grc' dir='ltr'><em>Δεξιδημίὸῃ;</em></span> 
     </span>
    </p>
   </div>
   <div class='ocr_carea' id='block_1_5' title="bbox 384 1879 1373 2012">
    <p class='ocr_par' dir='ltr' id='par_1_5' title="bbox 384 1879 1373 2012">
     <span class='ocr_line' id='line_1_12' title="bbox 965 1879 1211 1924; baseline 0 0"><span class='ocrx_word' id='word_1_70' title='bbox 965 1879 1014 1924; x_wconf 68' lang='lat'>³52</span> <span class='ocrx_word' id='word_1_71' title='bbox 1042 1886 1211 1924; x_wconf 80' lang='grc' dir='ltr'><em>Πλάτων</em></span> 
     </span>
     <span class='ocr_line' id='line_1_13' title="bbox 384 1958 1373 2012; baseline -0.002 -11"><span class='ocrx_word' id='word_1_72' title='bbox 384 1961 435 2009; x_wconf 83' lang='grc' dir='ltr'>ὡς</span> <span class='ocrx_word' id='word_1_73' title='bbox 466 1959 586 2001; x_wconf 80' lang='grc' dir='ltr'>οὐδὲν</span> <span class='ocrx_word' id='word_1_74' title='bbox 619 1958 741 2001; x_wconf 83' lang='grc' dir='ltr'><em>οἶσθα</em></span> <span class='ocrx_word' id='word_1_75' title='bbox 773 1961 876 2012; x_wconf 80' lang='grc' dir='ltr'><em>πλὴν</em></span> <span class='ocrx_word' id='word_1_76' title='bbox 909 1962 1216 2012; x_wconf 81' lang='grc' dir='ltr'><em>σκυθρωπάζειν</em></span> <span class='ocrx_word' id='word_1_77' title='bbox 1248 1963 1373 2011; x_wconf 80' lang='grc' dir='ltr'>μόνον</span> 
     </span>
    </p>
   </div>
   <div class='ocr_carea' id='block_1_6' title="bbox 383 2034 1383 2088">
    <p class='ocr_par' dir='ltr' id='par_1_6' title="bbox 383 2034 1383 2088">
     <span class='ocr_line' id='line_1_14' title="bbox 383 2034 1383 2088; baseline -0.002 -12"><span class='ocrx_word' id='word_1_78' title='bbox 383 2037 513 2088; x_wconf 78' lang='grc' dir='ltr'>ὥσπερ</span> <span class='ocrx_word' id='word_1_79' title='bbox 545 2037 703 2088; x_wconf 79' lang='grc' dir='ltr'><strong><em>κοχλίας</em></strong></span> <span class='ocrx_word' id='word_1_80' title='bbox 737 2043 894 2086; x_wconf 83' lang='grc' dir='ltr'>σεμνῶσ</span> <span class='ocrx_word' id='word_1_81' title='bbox 925 2036 1111 2087; x_wconf 79' lang='grc' dir='ltr'><strong><em>ἐπηρκὼσ</em></strong></span> <span class='ocrx_word' id='word_1_82' title='bbox 1142 2036 1212 2076; x_wconf 80' lang='grc' dir='ltr'>τὰσ</span> <span class='ocrx_word' id='word_1_83' title='bbox 1244 2034 1383 2087; x_wconf 82' lang='grc' dir='ltr'><em>ὀφρῦς.</em></span> 
     </span>
    </p>
   </div>
   <div class='ocr_carea' id='block_1_7' title="bbox 85 2134 1773 2943">
    <p class='ocr_par' dir='ltr' id='par_1_7' title="bbox 85 2134 1773 2943">
     <span class='ocr_line' id='line_1_15' title="bbox 88 2134 1772 2192; baseline 0 -15"><span class='ocrx_word' id='word_1_84' title='bbox 88 2134 225 2178; x_wconf 79' lang='lat' dir='ltr'>Aliter</span> <span class='ocrx_word' id='word_1_85' title='bbox 270 2139 496 2192; x_wconf 90' lang='lat' dir='ltr'>praeterea</span> <span class='ocrx_word' id='word_1_86' title='bbox 547 2151 594 2178; x_wconf 86' lang='lat' dir='ltr'>se</span> <span class='ocrx_word' id='word_1_87' title='bbox 641 2134 834 2191; x_wconf 81' lang='lat' dir='ltr'>gessisse</span> <span class='ocrx_word' id='word_1_88' title='bbox 888 2135 1119 2178; x_wconf 78' lang='lat' dir='ltr'>Platonem</span> <span class='ocrx_word' id='word_1_89' title='bbox 1168 2134 1385 2183; x_wconf 89' lang='lat' dir='ltr'>iuvenem,</span> <span class='ocrx_word' id='word_1_90' title='bbox 1434 2134 1561 2178; x_wconf 90' lang='lat' dir='ltr'>aliter</span> <span class='ocrx_word' id='word_1_91' title='bbox 1607 2150 1772 2184; x_wconf 89' lang='lat' dir='ltr'>senem,</span> 
     </span>
     <span class='ocr_line' id='line_1_16' title="bbox 88 2209 1773 2266; baseline 0.001 -14"><span class='ocrx_word' id='word_1_92' title='bbox 88 2209 214 2253; x_wconf 88' lang='lat' dir='ltr'>aliter</span> <span class='ocrx_word' id='word_1_93' title='bbox 260 2209 485 2253; x_wconf 83' lang='lat' dir='ltr'>Socratem</span> <span class='ocrx_word' id='word_1_94' title='bbox 533 2210 752 2254; x_wconf 82' lang='lat' dir='ltr'>iuvenem.</span> <span class='ocrx_word' id='word_1_95' title='bbox 801 2210 928 2253; x_wconf 86' lang='lat' dir='ltr'>aliter</span> <span class='ocrx_word' id='word_1_96' title='bbox 974 2225 1138 2259; x_wconf 90' lang='lat' dir='ltr'>senem,</span> <span class='ocrx_word' id='word_1_97' title='bbox 1178 2209 1303 2253; x_wconf 92' lang='lat' dir='ltr'>aliter</span> <span class='ocrx_word' id='word_1_98' title='bbox 1336 2213 1568 2266; x_wconf 86' lang='lat' dir='ltr'>utrumque</span> <span class='ocrx_word' id='word_1_99' title='bbox 1601 2226 1647 2253; x_wconf 90' lang='lat' dir='ltr'>se</span> <span class='ocrx_word' id='word_1_100' title='bbox 1679 2226 1773 2266; x_wconf 89' lang='lat' dir='ltr'>ges-</span> 
     </span>
     <span class='ocr_line' id='line_1_17' title="bbox 87 2284 1772 2341; baseline 0.001 -14"><span class='ocrx_word' id='word_1_101' title='bbox 87 2284 197 2328; x_wconf 88' lang='lat' dir='ltr'>sisse</span> <span class='ocrx_word' id='word_1_102' title='bbox 229 2300 333 2341; x_wconf 84' lang='lat' dir='ltr'>orga</span> <span class='ocrx_word' id='word_1_103' title='bbox 364 2285 542 2334; x_wconf 80' lang='lat' dir='ltr'>amicos,</span> <span class='ocrx_word' id='word_1_104' title='bbox 577 2286 773 2335; x_wconf 78' lang='lat' dir='ltr'>comites,</span> <span class='ocrx_word' id='word_1_105' title='bbox 808 2285 967 2334; x_wconf 90' lang='lat' dir='ltr'>socios,</span> <span class='ocrx_word' id='word_1_106' title='bbox 1002 2284 1128 2328; x_wconf 84' lang='lat' dir='ltr'>aliter</span> <span class='ocrx_word' id='word_1_107' title='bbox 1160 2289 1314 2328; x_wconf 85' lang='lat' dir='ltr'>contra</span> <span class='ocrx_word' id='word_1_108' title='bbox 1351 2284 1533 2333; x_wconf 77' lang='lat' dir='ltr'>alienos,</span> <span class='ocrx_word' id='word_1_109' title='bbox 1558 2285 1772 2328; x_wconf 88' lang='lat' dir='ltr'>obtrecta-</span> 
     </span>
     <span class='ocr_line' id='line_1_18' title="bbox 86 2360 1772 2414; baseline 0.001 -12"><span class='ocrx_word' id='word_1_110' title='bbox 86 2364 217 2414; x_wconf 81' lang='lat' dir='ltr'>tores,</span> <span class='ocrx_word' id='word_1_111' title='bbox 257 2365 551 2408; x_wconf 79' lang='lat' dir='ltr'>accusatores,</span> <span class='ocrx_word' id='word_1_112' title='bbox 596 2360 811 2410; x_wconf 89' lang='lat' dir='ltr'>inimicos,</span> <span class='ocrx_word' id='word_1_113' title='bbox 853 2363 944 2409; x_wconf 84' lang='grc' dir='ltr'>τοὺς</span> <span class='ocrx_word' id='word_1_114' title='bbox 986 2363 1171 2409; x_wconf 67' lang='grc' dir='ltr'>πολλούς,</span> <span class='ocrx_word' id='word_1_115' title='bbox 1214 2365 1560 2403; x_wconf 90' lang='lat' dir='ltr'>consentaneum</span> <span class='ocrx_word' id='word_1_116' title='bbox 1604 2364 1682 2403; x_wconf 90' lang='lat' dir='ltr'>est.</span> <span class='ocrx_word' id='word_1_117' title='bbox 1725 2360 1772 2404; x_wconf 92' lang='lat' dir='ltr'>Si</span> 
     </span>
     <span class='ocr_line' id='line_1_19' title="bbox 89 2434 1771 2493; baseline 0 -15"><span class='ocrx_word' id='word_1_118' title='bbox 89 2443 232 2478; x_wconf 89' lang='lat' dir='ltr'>autem</span> <span class='ocrx_word' id='word_1_119' title='bbox 282 2451 432 2479; x_wconf 90' lang='lat' dir='ltr'>verum</span> <span class='ocrx_word' id='word_1_120' title='bbox 480 2440 559 2485; x_wconf 88' lang='lat' dir='ltr'>est,</span> <span class='ocrx_word' id='word_1_121' title='bbox 609 2435 649 2478; x_wconf 89' lang='lat' dir='ltr'>id</span> <span class='ocrx_word' id='word_1_122' title='bbox 697 2436 812 2493; x_wconf 92' lang='lat' dir='ltr'>quod</span> <span class='ocrx_word' id='word_1_123' title='bbox 855 2435 1173 2491; x_wconf 86' lang='lat' dir='ltr'>Francogallus</span> <span class='ocrx_word' id='word_1_124' title='bbox 1214 2434 1334 2484; x_wconf 86' lang='lat' dir='ltr'>dixit,</span> <span class='ocrx_word' id='word_1_125' title='bbox 1379 2450 1400 2478; x_wconf 93' lang='lat' dir='ltr'>e</span> <span class='ocrx_word' id='word_1_126' title='bbox 1433 2435 1534 2478; x_wconf 88' lang='lat' dir='ltr'>stilo</span> <span class='ocrx_word' id='word_1_127' title='bbox 1565 2435 1771 2491; x_wconf 80' lang='lat' dir='ltr'>cognosci</span> 
     </span>
     <span class='ocr_line' id='line_1_20' title="bbox 87 2510 1769 2568; baseline -0.001 -15"><span class='ocrx_word' id='word_1_128' title='bbox 87 2510 307 2554; x_wconf 90' lang='lat' dir='ltr'>hominem</span> <span class='ocrx_word' id='word_1_129' title='bbox 335 2526 478 2567; x_wconf 87' lang='lat' dir='ltr'>posse,</span> <span class='ocrx_word' id='word_1_130' title='bbox 507 2511 549 2554; x_wconf 95' lang='lat' dir='ltr'>in</span> <span class='ocrx_word' id='word_1_131' title='bbox 578 2510 834 2555; x_wconf 88' lang='lat' dir='ltr'>universum</span> <span class='ocrx_word' id='word_1_132' title='bbox 865 2511 947 2554; x_wconf 87' lang='lat' dir='ltr'>dici</span> <span class='ocrx_word' id='word_1_133' title='bbox 976 2515 1118 2568; x_wconf 86' lang='lat' dir='ltr'>potest</span> <span class='ocrx_word' id='word_1_134' title='bbox 1144 2510 1372 2553; x_wconf 89' lang='lat' dir='ltr'>Platonem</span> <span class='ocrx_word' id='word_1_135' title='bbox 1394 2510 1529 2553; x_wconf 85' lang='lat' dir='ltr'>fuisse</span> <span class='ocrx_word' id='word_1_136' title='bbox 1549 2510 1769 2553; x_wconf 87' lang='lat' dir='ltr'>hominem</span> 
     </span>
     <span class='ocr_line' id='line_1_21' title="bbox 87 2585 1769 2642; baseline 0 -14"><span class='ocrx_word' id='word_1_137' title='bbox 87 2600 260 2630; x_wconf 91' lang='lat' dir='ltr'>summa</span> <span class='ocrx_word' id='word_1_138' title='bbox 300 2590 529 2629; x_wconf 90' lang='lat' dir='ltr'>venustate</span> <span class='ocrx_word' id='word_1_139' title='bbox 567 2591 607 2629; x_wconf 92' lang='lat' dir='ltr'>et</span> <span class='ocrx_word' id='word_1_140' title='bbox 641 2601 816 2629; x_wconf 75' lang='lat' dir='ltr'>Summa</span> <span class='ocrx_word' id='word_1_141' title='bbox 849 2585 1082 2641; x_wconf 84' lang='lat' dir='ltr'>elegantia.</span> <span class='ocrx_word' id='word_1_142' title='bbox 1116 2585 1270 2629; x_wconf 88' lang='lat' dir='ltr'>Talem</span> <span class='ocrx_word' id='word_1_143' title='bbox 1304 2601 1478 2642; x_wconf 83' lang='lat' dir='ltr'>quoque</span> <span class='ocrx_word' id='word_1_144' title='bbox 1511 2585 1693 2642; x_wconf 85' lang='lat' dir='ltr'>primam</span> <span class='ocrx_word' id='word_1_145' title='bbox 1729 2586 1769 2628; x_wconf 91' lang='lat' dir='ltr'>in</span> 
     </span>
     <span class='ocr_line' id='line_1_22' title="bbox 87 2660 1770 2718; baseline -0.001 -14"><span class='ocrx_word' id='word_1_146' title='bbox 87 2661 179 2704; x_wconf 91' lang='lat' dir='ltr'>suis</span> <span class='ocrx_word' id='word_1_147' title='bbox 209 2661 396 2718; x_wconf 89' lang='lat' dir='ltr'>dialogis</span> <span class='ocrx_word' id='word_1_148' title='bbox 428 2677 661 2718; x_wconf 84' lang='lat' dir='ltr'>personam</span> <span class='ocrx_word' id='word_1_149' title='bbox 696 2661 876 2705; x_wconf 85' lang='lat' dir='ltr'>finxisse</span> <span class='ocrx_word' id='word_1_150' title='bbox 904 2662 972 2705; x_wconf 93' lang='lat' dir='ltr'>vel</span> <span class='ocrx_word' id='word_1_151' title='bbox 1000 2661 1246 2705; x_wconf 88' lang='lat' dir='ltr'>mutavisse</span> <span class='ocrx_word' id='word_1_152' title='bbox 1275 2661 1445 2704; x_wconf 88' lang='lat' dir='ltr'>videtur</span> <span class='ocrx_word' id='word_1_153' title='bbox 1471 2664 1510 2703; x_wconf 90' lang='lat' dir='ltr'>et</span> <span class='ocrx_word' id='word_1_154' title='bbox 1532 2660 1770 2716; x_wconf 88' lang='lat' dir='ltr'>primarum</span> 
     </span>
     <span class='ocr_line' id='line_1_23' title="bbox 87 2735 1772 2791; baseline 0 -12"><span class='ocrx_word' id='word_1_155' title='bbox 87 2735 269 2791; x_wconf 89' lang='lat' dir='ltr'>partium</span> <span class='ocrx_word' id='word_1_156' title='bbox 318 2742 509 2780; x_wconf 88' lang='lat' dir='ltr'>actorem</span> <span class='ocrx_word' id='word_1_157' title='bbox 557 2737 625 2780; x_wconf 88' lang='lat' dir='ltr'>sui</span> <span class='ocrx_word' id='word_1_158' title='bbox 672 2737 863 2780; x_wconf 88' lang='lat' dir='ltr'>similem</span> <span class='ocrx_word' id='word_1_159' title='bbox 907 2737 1095 2780; x_wconf 87' lang='lat' dir='ltr'>exhibet.</span> <span class='ocrx_word' id='word_1_160' title='bbox 1140 2737 1346 2780; x_wconf 81' lang='lat' dir='ltr'>Socrates</span> <span class='ocrx_word' id='word_1_161' title='bbox 1391 2740 1510 2779; x_wconf 88' lang='lat' dir='ltr'>veste</span> <span class='ocrx_word' id='word_1_162' title='bbox 1546 2735 1772 2779; x_wconf 83' lang='lat' dir='ltr'>Platonica</span> 
     </span>
     <span class='ocr_line' id='line_1_24' title="bbox 85 2810 1770 2868; baseline -0.001 -14"><span class='ocrx_word' id='word_1_163' title='bbox 85 2810 264 2854; x_wconf 89' lang='lat' dir='ltr'>indutus</span> <span class='ocrx_word' id='word_1_164' title='bbox 311 2811 353 2854; x_wconf 93' lang='lat' dir='ltr'>in</span> <span class='ocrx_word' id='word_1_165' title='bbox 400 2811 598 2855; x_wconf 85' lang='lat' dir='ltr'>Platonis</span> <span class='ocrx_word' id='word_1_166' title='bbox 646 2812 832 2868; x_wconf 74' lang='lat' dir='ltr'>dialogis</span> <span class='ocrx_word' id='word_1_167' title='bbox 880 2827 927 2854; x_wconf 89' lang='lat' dir='ltr'>se</span> <span class='ocrx_word' id='word_1_168' title='bbox 976 2811 1104 2855; x_wconf 90' lang='lat' dir='ltr'>nobis</span> <span class='ocrx_word' id='word_1_169' title='bbox 1152 2811 1292 2854; x_wconf 85' lang='lat' dir='ltr'>offert.</span> <span class='ocrx_word' id='word_1_170' title='bbox 1342 2810 1548 2854; x_wconf 83' lang='lat' dir='ltr'>Socrates</span> <span class='ocrx_word' id='word_1_171' title='bbox 1596 2826 1770 2867; x_wconf 78' lang='lat' dir='ltr'>Quoque</span> 
     </span>
     <span class='ocr_line' id='line_1_25' title="bbox 87 2885 1770 2943; baseline 0 -15"><span class='ocrx_word' id='word_1_172' title='bbox 87 2901 257 2943; x_wconf 87' lang='lat' dir='ltr'>semper</span> <span class='ocrx_word' id='word_1_173' title='bbox 294 2886 502 2935; x_wconf 86' lang='lat' dir='ltr'>suaviter,</span> <span class='ocrx_word' id='word_1_174' title='bbox 547 2902 720 2943; x_wconf 86' lang='lat' dir='ltr'>semper</span> <span class='ocrx_word' id='word_1_175' title='bbox 762 2887 985 2942; x_wconf 88' lang='lat' dir='ltr'>eleganter</span> <span class='ocrx_word' id='word_1_176' title='bbox 1018 2901 1353 2942; x_wconf 86' lang='lat' dir='ltr'>nonnumquam</span> <span class='ocrx_word' id='word_1_177' title='bbox 1389 2885 1565 2935; x_wconf 89' lang='lat' dir='ltr'>ironice,</span> <span class='ocrx_word' id='word_1_178' title='bbox 1600 2901 1770 2941; x_wconf 89' lang='lat' dir='ltr'>semper</span> 
     </span>
    </p>
   </div>
   <div class='ocr_carea' id='block_1_8' title="bbox 84 2960 1769 3068">
    <p class='ocr_par' dir='ltr' id='par_1_8' title="bbox 84 2960 1769 3068">
     <span class='ocr_line' id='line_1_26' title="bbox 84 2960 1769 3016; baseline -0.001 -13"><span class='ocrx_word' id='word_1_179' title='bbox 84 2965 231 3004; x_wconf 86' lang='lat' dir='ltr'>autem</span> <span class='ocrx_word' id='word_1_180' title='bbox 258 2961 424 3005; x_wconf 87' lang='lat' dir='ltr'>urbane</span> <span class='ocrx_word' id='word_1_181' title='bbox 451 2977 550 3004; x_wconf 89' lang='lat' dir='ltr'>cum</span> <span class='ocrx_word' id='word_1_182' title='bbox 577 2961 709 3004; x_wconf 85' lang='lat' dir='ltr'>sociis</span> <span class='ocrx_word' id='word_1_183' title='bbox 738 2966 778 3004; x_wconf 92' lang='lat' dir='ltr'>et</span> <span class='ocrx_word' id='word_1_184' title='bbox 806 2962 974 3011; x_wconf 85' lang='lat' dir='ltr'>amicis,</span> <span class='ocrx_word' id='word_1_185' title='bbox 1000 2961 1133 3004; x_wconf 90' lang='lat' dir='ltr'>immo</span> <span class='ocrx_word' id='word_1_186' title='bbox 1156 2976 1257 3003; x_wconf 87' lang='lat' dir='ltr'>vero</span> <span class='ocrx_word' id='word_1_187' title='bbox 1276 2960 1406 3004; x_wconf 88' lang='lat' dir='ltr'>etiam</span> <span class='ocrx_word' id='word_1_188' title='bbox 1428 2976 1524 3003; x_wconf 87' lang='lat' dir='ltr'>cum</span> <span class='ocrx_word' id='word_1_189' title='bbox 1545 2960 1769 3016; x_wconf 82' lang='lat' dir='ltr'>sophistis,</span> 
     </span>
     <span class='ocr_line' id='line_1_27' title="bbox 153 3031 1664 3068; baseline 0.003 -10"><span class='ocrx_word' id='word_1_190' title='bbox 153 3031 320 3068; x_wconf 86' lang='lat' dir='ltr'>Apologia</span> <span class='ocrx_word' id='word_1_191' title='bbox 342 3032 600 3068; x_wconf 79' lang='lat' dir='ltr'>Xenophontea.</span> <span class='ocrx_word' id='word_1_192' title='bbox 1650 3033 1664 3059; x_wconf 80' lang='grc'>1</span> 
     </span>
    </p>
   </div>
  </div>
 </body>
</html>
