2019 3299
1022 191 1103 234 114

187 322 190 327 ’
220 317 413 361 sabatur.
442 316 575 360 Ratio
604 321 644 359 et
672 316 828 359 modus
846 316 1149 372 convincendi,
1169 316 1329 374 quibus
1348 322 1544 361 oratores
1562 322 1601 361 et
1629 324 1909 364 accusatores

220 392 261 434 in
296 392 454 435 iudicio
488 397 682 446 utuntur,
716 390 886 435 Socrati
920 390 1043 434 nihili
1078 407 1175 434 esse
1211 392 1401 435 videtur:
1433 394 1499 432 καὶ
1530 395 1603 446 γὰρ
1631 394 1714 434 ἐκεῖ
1733 396 1772 434 οῖ·
1786 395 1906 448 ἕτεροι

218 470 310 516 τοὺς
342 469 497 519 ἑτέρους
532 471 724 508 δοκοῦσιν
756 468 938 520 ἐλέγχειν,
962 468 1125 508 ἐπειδὰν
1154 476 1230 508 τῶν
1256 471 1384 522 λόγων
1413 466 1467 509 ὧν
1485 468 1533 508 ἂν
1551 470 1687 523 λέγωσι
1707 472 1906 523 μάρτυρας

219 545 389 592 πολλοὺς
416 545 661 596 παρέχωνται
690 544 755 583 καὶ
782 545 1035 594 εὐδοκίμους,
1062 544 1081 584 ὅ
1109 544 1151 584 δὲ
1178 545 1366 584 τάναντία
1385 548 1509 597 λέγων
1527 545 1610 585 ἕνα
1642 546 1756 585 τινὰ
1787 547 1906 597 παρέ-

219 636 331 671 χηται
363 619 387 671 ἢ
420 621 628 670 μηδένα.
664 618 781 661 Alibi
810 634 983 675 quoque
1012 618 1208 662 Socratis
1227 621 1373 663 'causa
1399 624 1439 662 et
1470 619 1647 663 habitus
1674 620 1715 663 in
1745 619 1905 664 iudicio

219 694 373 750 respici
409 694 619 743 videntur,
654 692 867 750 imprimis
894 692 1118 749 praeclaro
1147 694 1240 736 loco
1260 694 1300 736 in
1320 693 1564 737 Theaeteto
1584 694 1828 746 172-174,
1852 696 1905 741 cf.

220 770 351 826 Gorg.
385 771 485 819 521,
519 770 618 813 522.
653 769 783 812 Nunc
816 784 990 826 quoque
1024 769 1042 809 ὁ
1071 769 1112 809 δὲ
1140 771 1330 809 τάναντία
1359 771 1480 823 λέγων
1507 769 1621 813 idem
1649 786 1747 815 esse
1774 776 1905 829 atque

220 847 422 891 Socrates
470 846 576 889 mihi
618 846 802 900 videtur,
842 861 891 889 eo
926 845 1083 902 magis,
1117 846 1232 903 quod
1270 846 1418 890 statim
1453 851 1552 903 post
1585 847 1693 890 haec
1725 846 1904 890 verbum

219 922 463 971 adhibetur,
501 922 618 979 quod
650 921 849 979 suspicor
883 937 904 964 e
938 921 1248 978 Xenophontis
1286 922 1503 978 Apologia
1533 922 1590 965 24
1627 922 1905 978 desumptum

219 1014 329 1047 esse,
384 999 891 1049 καταψευδομαρτυρηθείη
948 997 1057 1040 dico.
1108 996 1265 1054 Utique
1314 997 1492 1041 verbum
1542 997 1674 1040 habet
1717 997 1904 1041 colorem

221 1073 605 1130 Xenophonteum.
640 1072 737 1123 Qua
768 1072 1018 1129 suspicione
1050 1088 1148 1115 cum
1183 1088 1299 1117 nova
1336 1073 1535 1130 quaestio
1569 1072 1734 1116 oriatur
1767 1089 1905 1131 neque

219 1148 453 1205 quicquam
498 1163 626 1204 agere
659 1147 906 1204 exemplum
940 1147 1056 1204 quod
1089 1147 1207 1190 litem
1242 1147 1314 1190 lite
1347 1148 1536 1192 resolvat
1571 1148 1697 1191 nobis
1729 1165 1905 1206 persua—

219 1223 445 1266 sissimum
480 1223 548 1269 sit,
583 1223 726 1266 locum
762 1227 803 1265 et
837 1223 1017 1266 verbum
1050 1225 1345 1268 indicavisse
1375 1224 1484 1267 satis
1519 1224 1704 1268 habebo.

278 1299 435 1342 Testes
472 1314 549 1355 pro
578 1299 758 1342 Socrate
792 1314 864 1342 reo
900 1298 1034 1342 verba
1067 1298 1224 1342 fecisse
1258 1304 1484 1356 praeterea
1517 1315 1567 1342 ex
1600 1315 1651 1343 eo
1684 1315 1760 1357 pro
1793 1305 1909 1344 certo

220 1375 386 1419 efficere
419 1374 621 1432 prohibet
658 1374 763 1418 illud
796 1375 820 1428 ἢ
852 1376 1019 1427 μηδένα.

278 1451 504 1494 Postremo
539 1466 623 1493 non
658 1450 751 1493 sine
785 1465 946 1506 magno
979 1450 1140 1506 gaudio
1176 1450 1261 1493 vidi
1295 1450 1527 1494 MAOERIUM
1557 1452 1689 1495 verba
1707 1467 1758 1495 ex
1776 1452 1903 1509 Apol.

218 1526 330 1570 Xen.
358 1528 428 1570 22.
457 1527 592 1570 allata
627 1527 762 1569 isdem
796 1526 885 1569 fere
918 1526 1187 1582 argumentis
1221 1526 1453 1570 defendere
1487 1531 1641 1570 contra
1673 1543 1748 1570 eos
1787 1527 1904 1571 viros

219 1603 369 1645 doctos
401 1603 474 1660 qui
507 1602 650 1645 locum
679 1602 1063 1659 impugnaverunt.

531 1898 555 1945 ξ
590 1900 647 1935 17.
702 1898 838 1935 PARS
866 1897 1077 1941 TERT1A;
1109 1897 1241 1934 LlTIS
1269 1897 1598 1934 AESTIMATIO.

332 2075 402 2118 De
451 2074 650 2119 amicis
694 2074 921 2118 Socrati
970 2079 1025 2118 ut
1073 2074 1343 2130 aufugiat
1391 2073 1784 2118 suadentibus.

277 2217 323 2260 In
353 2217 570 2273 Apologia
602 2216 911 2273 Xenophontis
943 2217 999 2260 23
1030 2216 1240 2272 legimus:

274 2294 405 2333 ἔπειτα
450 2301 526 2333 τῶν
572 2294 737 2345 ἑταίρων
783 2293 972 2343 ἐκκλέψαι
1019 2294 1275 2345 βουλομένων
1322 2293 1444 2333 αὐτὸν
1477 2293 1551 2333 οὐκ
1583 2292 1778 2343 ἐφείπετο,
1807 2291 1904 2331 ἀλλὰ

215 2370 281 2409 καὶ
313 2370 535 2420 ἐπισκῶψαι
568 2370 695 2410 ἐδόκει
727 2369 928 2421 ἐρόμενος,
958 2370 998 2408 εἴ
1023 2384 1101 2409 που
1135 2369 1277 2409 εἰδεῖέν
1300 2386 1334 2408 τι
1361 2370 1505 2421 χωρίον
1531 2369 1602 2417 ἔξω
1629 2374 1697 2419 τῆς
1725 2372 1906 2418 Ἀττικῆς,

215 2445 317 2484 ἔνθα
351 2446 398 2485 οὐ
429 2446 658 2497 προσβατὸν
690 2447 867 2501 θανάτῳ.

276 2520 376 2563 Non
423 2519 653 2575 ignorabat
701 2535 835 2563 senex
883 2523 1067 2562 mortem
1127 2519 1210 2562 sibi
1259 2520 1437 2568 instare,
1491 2534 1622 2576 quam
1675 2516 1902 2574 paululum

215 2594 519 2651 subterfugere
561 2611 648 2638 non
697 2596 806 2639 tanti
854 2600 958 2639 erat.
1008 2595 1292 2652 Responsum
1340 2594 1493 2644 facete,
1538 2593 1713 2643 ironice,
1747 2593 1903 2636 acerbe

215 2670 377 2713 dictum
425 2669 675 2725 Xenophon
724 2670 851 2713 nobis
899 2670 1106 2713 servavit.
1156 2670 1355 2713 Platonis
1402 2669 1603 2726 dialogus
1651 2668 1718 2712 cui
1750 2668 1903 2712 titulus

216 2745 363 2788 Criton
411 2745 563 2788 eadem
612 2745 663 2788 de
710 2761 755 2788 re
802 2745 906 2801 agit,
956 2761 1042 2788 non
1101 2749 1247 2788 autem
1297 2744 1426 2788 nobis
1474 2744 1687 2788 eiusmodi
1740 2744 1902 2787 dictum

213 2820 401 2870 exhibet,
435 2820 510 2863 sed
559 2820 785 2876 pulchram
835 2820 1081 2864 suasoriim
1131 2825 1171 2864 et
1214 2820 1697 2877 praestantissimarum
1732 2823 1901 2862 senten·

214 2896 374 2939 tiarum
408 2896 597 2953 plenam.

274 2971 377 3015 Crit.
420 2971 544 3013 4413.
587 2971 795 3027 legimus:
840 2970 934 3023 ἀλλ’,
975 2968 1004 3011 ὦ
1048 2973 1230 3023 δαιμόνιε
1269 2974 1489 3023 Σώκρατες,
1530 2972 1583 3010 ἔτι
1614 2971 1679 3010 καὶ
1711 2978 1787 3010 νῦν
1818 2970 1902 3021 ἐμοὶ
