2019 3299
1026 189 1106 231 13⁶2

183 326 186 330 ·
223 311 418 353 animum
452 310 578 353 nobis
612 311 693 354 hoc
730 312 931 354 ostendit.
974 311 1155 355 Videtur
1185 313 1299 356 enim
1334 314 1456 357 Plato
1485 314 1752 359 intellexisse
1779 316 1912 361 fatale

222 384 359 428 fuisse
406 390 446 428 et
492 386 624 430 fatale
672 401 769 430 esse
817 386 869 430 iis
917 387 1172 431 bominibus
1219 389 1308 445 qui,
1356 390 1467 433 sicut
1509 390 1729 441 Socrates,
1772 407 1913 436 novas

223 459 317 503 vias
363 460 405 503 in
455 460 547 504 vita
592 461 804 518 aperiant,
854 478 1013 505 novam
1055 462 1394 521 philosophiam,
1438 481 1597 509 novam
1641 465 1910 523 disputandi,

221 535 455 592 cogitandi,
498 537 674 580 vivendi
707 537 920 580 rationem
955 537 995 581 in
1030 539 1343 594 rempublicam
1380 540 1669 589 introducant,
1703 546 1750 584 ut
1781 556 1912 600 saepe

223 611 313 655 vita
351 616 392 655 et
424 612 641 669 sanguine
684 617 815 657 staret
858 614 1070 670 proelium
1104 615 1218 671 quod
1252 616 1315 659 eis
1346 632 1444 659 cum
1478 616 1649 661 civibus
1681 617 1913 661 decernen-

221 687 323 731 dum
358 693 489 731 esset.

280 763 436 820 Neque
478 764 560 807 hoc
603 764 774 807 Socrati
817 764 899 807 soli
944 765 1140 822 contigit.
1174 766 1262 809 Alii
1296 782 1394 810 eum
1429 767 1580 811 eadem
1616 767 1690 812 via
1721 768 1913 811 secuturi

220 843 358 888 erant,
405 838 458 882 Cf.
507 839 634 896 Apol.
686 838 794 883 plat.
843 840 979 883 28Αῑ
1027 842 1093 881 καὶ
1135 841 1235 882 τοῦτ’
1282 843 1387 882 ἔστιν
1418 841 1438 883 ὃ
1472 842 1537 894 ἐμὲ
1569 844 1738 895 αἱρήσει,
1768 844 1911 895 ἐάνπερ

220 916 326 971 αἱρῇ,
367 916 414 956 οὐ
463 915 648 967 Μέλητος
696 915 791 956 οὐδὲ
828 916 1010 968 Ἄνυτος,
1057 915 1135 956 ἀλλ’
1189 916 1210 969 ἡ
1258 925 1335 958 τῶν
1376 920 1747 973 πολλῶνῆδιαβολή
1777 935 1816 959 τε
1846 918 1912 959 καὶ

220 992 389 1042 φθόνος.
429 990 454 1030 ἃ
485 992 535 1042 δὴ
567 992 739 1040 πολλοὺς
771 992 837 1032 καὶ
870 992 1013 1041 ἅλλους
1046 993 1229 1046 ἀγαθοὺς
1262 994 1413 1046 ἄνδρας
1445 995 1608 1050 ᾕρηκεν,
1633 991 1743 1047 οἶμαι
1774 994 1817 1035 δὲ
1846 995 1914 1035 καὶ

219 1068 410 1118 αἱρησειν·
443 1066 563 1107 οὐδὲν
596 1066 638 1107 δὲ
671 1069 805 1108 δεινὸν
838 1068 891 1119 μὴ
925 1068 966 1108 ἐν
999 1069 1086 1119 ἐμοὶ
1118 1078 1188 1125 στῇ

284 1141 407 1185 Hanc
447 1146 593 1186 autem
636 1142 776 1200 ipsius
818 1142 1016 1187 Platonis
1059 1143 1321 1187 sententiam
1356 1143 1493 1188 fuisse
1525 1144 1631 1188 mihi
1662 1144 1909 1202 persuasis-

220 1217 380 1260 simum
415 1222 496 1262 est.

276 1293 487 1338 Similiter
533 1293 739 1338 Socrates
785 1294 1053 1341 Platonicus,
1103 1295 1182 1338 i.e.
1228 1295 1366 1345 Plato,
1415 1295 1543 1352 Apol.
1587 1296 1642 1339 39
1688 1294 1723 1338 Β
1772 1294 1902 1339 dixit:

216 1378 339 1410 ταῦτα
371 1370 441 1420 μέν
473 1386 552 1410 που
585 1371 679 1417 ἴσως
713 1372 838 1418 οὕτως
872 1371 938 1410 καὶ
969 1372 1048 1410 ἔδει
1080 1376 1199 1423 σχεῖν,
1231 1372 1296 1411 καὶ
1330 1369 1438 1423 οἶμαι
1471 1372 1571 1412 αὐτὰ
1603 1373 1766 1424 μετρίως
1794 1372 1907 1424 ἔχειν.

276 1444 378 1488 Non
414 1461 512 1489 esse
545 1461 572 1488 a
603 1461 651 1488 se
686 1446 1036 1489 suscensendum
1071 1446 1231 1489 Meleto
1265 1462 1407 1504 neque
1449 1447 1597 1504 Anyto
1634 1446 1760 1490 Plato
1795 1445 1906 1490 arbi-

218 1520 427 1569 trabatur,
462 1536 602 1578 neque
628 1520 760 1577 igitur
786 1521 883 1564 illos
911 1521 953 1563 in
983 1521 1170 1578 dialogis
1199 1522 1478 1565 mordacibus
1504 1526 1546 1565 et
1567 1522 1902 1565 contumeliosis

218 1595 343 1639 dictis
376 1596 664 1654 persequitur.
685 1596 827 1640 Etiam
849 1597 1006 1640 melius
1040 1597 1122 1640 hoc
1150 1602 1332 1655 apparet
1361 1613 1411 1641 ex
1440 1597 1607 1641 ultimis
1633 1597 1761 1654 Apol.
1790 1597 1899 1641 Plat.

217 1672 378 1722 verbis,
410 1672 497 1722 ubi,
531 1672 698 1730 opinor,
733 1672 871 1730 ipsius
904 1673 1102 1717 Platonis
1136 1673 1283 1730 opinio
1317 1673 1475 1730 partim
1504 1672 1831 1723 translucet‚4l
1855 1673 1903 1717 D.

216 1749 282 1788 διὰ
322 1756 437 1789 τοῦτο
479 1749 546 1788 καὶ
578 1748 643 1801 ἐμὲ
674 1749 859 1801 οὐδαμοῦ
892 1749 1113 1801 ἀπέτρεψεν
1144 1750 1186 1789 τὸ
1218 1754 1396 1801 σημεῖον,
1426 1749 1492 1789 καὶ
1522 1749 1642 1802 ἔγωγε
1673 1754 1754 1798 τοῖς
1787 1767 1904 1789 κατα-

215 1824 515 1875 ψηφισαμένοις
548 1840 626 1875 μου
658 1824 724 1864 καὶ
757 1830 837 1873 τοῖς
868 1826 1106 1877 κατηγόροις
1137 1825 1194 1865 οὐ
1227 1826 1364 1865 πάνυ
1396 1826 1711 1877 χαλεπαίνω.

274 1897 370 1949 Quo
412 1898 577 1942 factum
620 1903 684 1942 est
718 1903 764 1942 ut
797 1899 922 1943 Plato
943 1899 971 1953 ¹)
1002 1899 1198 1957 Anytum
1233 1899 1275 1942 in
1309 1899 1497 1943 Menone
1528 1898 1686 1943 leniter
1717 1899 1902 1956 castiga·

214 1979 290 2024 ret,
324 1975 390 2017 vel
426 1974 572 2031 potius
604 1975 957 2031 reprehenderet,
986 1975 1127 2019 ironia
1153 1991 1248 2023 sua,
1277 1991 1389 2033 quae
1415 1975 1631 2031 imprimis
1658 1974 1813 2032 propia
1838 1979 1903 2018 est

216 2049 439 2092 bominum
473 2050 760 2100 urbanorum,
794 2050 939 2108 qualis
971 2051 1096 2094 Plato
1130 2055 1221 2095 erat
1254 2056 1295 2094 et
1325 2067 1475 2094 eorum
1509 2050 1583 2108 qui
1609 2050 1901 2100 adversarios,

215 2130 259 2168 ut
308 2125 493 2168 multum
543 2125 658 2170 infra
704 2142 763 2177 se,
813 2127 1080 2184 despectent.
1125 2127 1279 2184 Neque
1322 2126 1604 2170 mordacibus
1648 2126 1794 2170 verbis
1827 2126 1903 2170 sed

213 2200 395 2256 lenitate
430 2201 619 2258 quadam
653 2202 851 2245 admixta
883 2203 1090 2259 superbia
1122 2207 1214 2248 tota
1247 2202 1498 2259 disputatio,
1531 2217 1664 2259 quam
1697 2202 1903 2246 Socrates

213 2291 309 2318 cum
353 2276 501 2332 Anyto
546 2276 713 2326 habuit,
757 2277 1053 2321 concluditur:
1100 2277 1176 2318 ἀλλ’
1222 2274 1340 2326 οὗτος
1373 2277 1444 2329 μὲν
1476 2278 1545 2317 ἐάν
1576 2293 1670 2317 ποτε
1701 2286 1783 2333 γνῷ
1816 2274 1901 2318 οἷόν

213 2353 316 2391 ἐστιν
350 2354 391 2391 τὸ
424 2359 553 2399 κακῶς
585 2353 726 2405 λέγειν,
756 2356 948 2393 παύσεται
980 2355 1244 2405 χαλεπαίνων,
1275 2361 1351 2393 νῦν
1378 2353 1420 2393 δὲ
1451 2354 1598 2406 ἀγνοεῖ.

272 2425 368 2469 Hac
414 2441 587 2483 quoque
622 2426 664 2469 in
713 2443 757 2470 re
795 2426 1011 2471 acerbitas
1054 2427 1251 2471 Socratis
1290 2426 1603 2484 Xenophontei
1645 2441 1672 2470 a
1714 2426 1898 2470 Platone

213 2500 349 2556 polita
381 2505 422 2544 et
453 2501 590 2544 lenita
622 2506 702 2545 est.

271 2576 500 2619 Postremo
535 2577 617 2619 hoc
649 2577 913 2620 addendum.

271 2650 368 2694 Filii
410 2650 735 2701 Themistoclis,
770 2651 964 2697 Periclis,
1009 2652 1295 2709 Thucydidis,
1338 2651 1540 2705 aliorum,
1574 2651 1688 2694 bono
1721 2650 1896 2707 ingenio

212 2725 394 2782 praediti
450 2731 587 2770 erant.
648 2726 800 2770 Patres
858 2732 1005 2771 autem
1063 2743 1138 2771 eos
1196 2727 1249 2771 ad
1307 2726 1512 2770 virtutem
1569 2726 1754 2770 educare
1811 2741 1897 2769 non

184 2809 188 2812 '
212 2806 428 2858 poterant.

258 2974 284 3014 ι)
307 2972 410 3014 Quae
436 2975 513 3006 erat
539 2973 620 3007 eius
644 2978 832 3015 πραότης.
