2019 3299
877 213 956 256 147

82 354 148 389 μοι
189 338 376 388 δηλῶσαι,
416 337 473 376 ὅτι
509 338 723 388 Σωκράτης
754 338 795 377 τὸ
823 336 892 388 μὲν
925 338 1019 388 μήτε
1044 337 1131 388 περὶ
1162 337 1284 384 θεοὺς
1320 337 1510 388 ἀσεβῆσαι
1542 336 1637 386 μήτε
1671 335 1759 387 περὶ

81 413 322 463 ἀνθρώπους
368 412 503 459 ἄδικος
554 419 734 464 φανῆναι
779 412 866 463 περὶ
912 413 1059 459 παντὸς
1106 412 1283 452 ἐποιεῖτο·
1329 412 1371 451 τὸ
1411 410 1453 450 δὲ
1499 411 1551 461 μὴ
1601 410 1759 450 ἀποθα-

81 492 164 527 νεῖν
210 489 283 527 οὐκ
324 488 418 542 ᾤετο
460 487 697 538 λιπαρητέον
737 484 852 538 εἶναι,
891 487 987 526 ἀλλὰ
1025 487 1090 526 καὶ
1131 488 1270 538 καιρὸν
1311 486 1388 538 ἤδη
1423 486 1599 536 ἐνόμιζεν
1637 485 1760 539 ἑαυτῷ

84 566 274 602 τελευτᾶν.

141 635 384 678 Coniuncta
429 635 561 691 igitur
606 650 703 678 cum
751 634 803 677 iis
844 650 955 691 quae
997 634 1182 690 legimus
1215 635 1314 677 inde
1347 650 1373 677 a
1405 633 1433 689 ἓ
1465 635 1491 676 2
1526 650 1664 691 usque
1703 633 1757 677 ad

83 711 110 765 ἓ
147 711 199 755 10
241 711 347 754 haee
388 715 490 754 sunt
530 726 642 767 quae
674 725 701 753 a
731 709 1024 766 Xenophonte
1058 725 1180 754 nova
1211 710 1442 753 traduntur
1475 725 1673 767 quaeque
1707 709 1761 752 ab

82 786 179 829 aliis
210 786 538 842 ignorabantur.
601 785 767 836 Quodsi
795 789 940 828 autem
975 785 1200 841 apparebit
1235 785 1383 828 omnia
1410 785 1498 828 fere
1526 790 1567 828 et
1594 790 1762 828 tantum

83 877 166 904 non
199 860 360 909 omnia,
393 876 504 917 quae
538 860 623 903 illis
652 860 940 916 paragraphis
969 860 1085 916 apud
1114 860 1452 916 Xenophontem
1480 861 1696 916 leguntur,
1726 863 1766 903 et

81 927 124 979 in
158 935 284 992 Apol.
319 935 429 978 Plat.
461 935 663 983 inveniri,
693 935 974 978 manifestum
1003 935 1078 977 erit
1112 935 1230 978 nullo
1259 935 1438 978 omnino
1467 936 1594 978 modo
1622 935 1766 979 Xeno—

82 1011 289 1068 phontem
330 1010 524 1053 animum
569 1009 771 1052 inducere
809 1009 1005 1066 potuisse
1039 1010 1154 1065 apud
1183 1010 1410 1053 Platonem
1440 1010 1765 1067 magniloquen-

79 1085 185 1129 tiam
214 1085 409 1129 Socratis
434 1084 727 1127 inconsultam
756 1088 796 1127 et
824 1084 1001 1127 stultam
1031 1100 1127 1128 esse
1155 1100 1294 1141 neque
1312 1085 1449 1127 firmis
1468 1084 1766 1129 fundamentis

81 1160 376 1205 constitutam.
413 1160 505 1203 Hoc
537 1165 681 1203 autem
702 1175 776 1216 pro
797 1165 948 1203 nostra
967 1160 1078 1202 virili
1098 1160 1138 1202 in
1158 1160 1298 1216 capite
1321 1161 1447 1203 tertio
1466 1161 1766 1205 demonstrare

81 1236 224 1281 conati
256 1251 423 1279 sumus,
456 1235 622 1286 Quodsi
654 1235 912 1285 Schanzius‚
947 1240 988 1278 et
1020 1235 1058 1278 ei
1090 1235 1165 1293 qui
1192 1236 1286 1279 eius
1315 1236 1580 1280 sententiam
1611 1238 1764 1293 proba-

83 1320 252 1361 verunt,
279 1327 305 1355 a
335 1327 382 1354 se
410 1311 641 1366 impetrare
672 1315 871 1367 possunt,
907 1316 951 1353 ut
984 1311 1095 1354 hanc
1127 1311 1328 1367 exiguam
1363 1327 1543 1368 operam
1577 1312 1766 1368 capiant,

82 1388 314 1444 inspiciant
347 1386 474 1430 velim
518 1402 630 1444 quae
667 1386 743 1430 illo
776 1386 916 1443 capite
949 1387 1248 1442 exposuimus.
1284 1387 1527 1443 Apparebit
1560 1386 1602 1429 in
1637 1387 1764 1443 Apol.

81 1463 190 1507 Plat.
238 1462 388 1506 eadem
438 1461 504 1504 vel
552 1461 715 1504 similia
757 1461 840 1517 legi
883 1466 1014 1519 atque
1048 1461 1089 1504 in
1124 1461 1251 1519 Apol.
1286 1461 1397 1504 Xen.
1432 1462 1590 1518 (neque
1623 1462 1764 1505 solum

79 1539 123 1581 in
159 1538 285 1595 Apol.
318 1537 428 1580 Plat.
464 1552 615 1579 verum
651 1536 781 1580 etiam
821 1536 862 1579 in
897 1536 1073 1580 Critone
1105 1542 1145 1580 et
1180 1537 1454 1590 Phaedone):

141 1615 208 1657 De
239 1615 573 1656 misericordia
603 1612 725 1664 (non)
756 1616 986 1657 movenda
1001 1628 1014 1664 ,·

142 1691 209 1733 De
263 1691 512 1733 daemonio
571 1691 703 1743 apud
762 1690 880 1732 Xen.
939 1691 1252 1744 repuyncmte,
1315 1691 1446 1743 apud
1502 1689 1621 1732 Pzat.
1670 1702 1766 1731 non

85 1767 370 1809 adversante
381 1780 394 1817 ‚·
689 1772 691 1775 ’

145 1843 211 1885 De
242 1844 386 1885 morte
412 1844 592 1896 potiore
604 1857 617 1893 ,-

143 1919 332 1961 Iustum
364 1919 548 1971 tempus
579 1931 679 1960 esse
709 1919 945 1960 moriendi
961 1932 974 1968 ,·

144 1994 342 2036 Mortem
372 2007 468 2036 non
504 2006 685 2048 quoquo
717 1995 852 2036 modo
883 2007 984 2036 6336
1014 1995 1364 2048 effuyiendam;

145 2068 212 2110 De
242 2069 449 2111 libertate
476 2070 669 2121 potiore.

150 2142 271 2185 Errat
304 2158 406 2198 ergo
440 2142 682 2185 Sehanzius
716 2143 829 2199 apud
863 2142 1093 2186 Platonem
1125 2158 1210 2185 non
1240 2143 1349 2185 satis
1366 2142 1567 2186 idoneam
1588 2157 1767 2185 causam

87 2218 181 2261 eius
213 2218 444 2274 superbiae
476 2217 669 2274 proferri.
704 2218 843 2261 Immo
876 2218 1080 2261 Socrates
1114 2218 1368 2261 Platonicus
1407 2218 1604 2274 pluribus
1637 2218 1767 2261 etiam

87 2293 357 2350 argumentis
383 2293 412 2346 ¹)
438 2292 578 2336 fretus
597 2308 727 2350 quam
747 2293 954 2336 Socrates
971 2292 1084 2336 Xen.
1104 2298 1287 2336 mortem
1313 2293 1459 2336 subire
1479 2309 1563 2335 non
1583 2297 1770 2336 recusat.

146 2444 191 2498 3)
223 2444 300 2489 Ea.
333 2458 445 2500 quae
477 2443 519 2485 in
553 2443 770 2500 colloquio
802 2443 918 2500 quod
955 2443 1255 2499 Hermogenes
1283 2459 1380 2487 cum
1410 2444 1590 2487 Socrate
1618 2442 1771 2486 habuit

89 2518 201 2562 dicta
248 2523 347 2561 sunt
393 2518 491 2574 (Ap.
539 2518 714 2569 2—10),
757 2521 796 2562 et
838 2518 954 2574 apud
998 2518 1225 2562 Platonem
1261 2518 1543 2562 inveniuntur
1575 2519 1772 2575 dispersa

88 2593 276 2651 quidem,
309 2598 501 2636 attamen
537 2592 774 2636 simillima.

146 2669 234 2711 Aut.
275 2668 341 2711 bis
384 2668 490 2711 haec
531 2668 646 2711 dicta
678 2672 778 2710 sunt
811 2683 837 2711 a
869 2667 1064 2716 Socrate,
1098 2672 1169 2710 aut
1210 2667 1320 2710 alter
1352 2667 1539 2711 alterum
1573 2668 1772 2712 imitatus

33 2792 35 2795 .
90 2749 154 2786 est
198 2742 264 2785 vel
307 2758 357 2785 ex
405 2742 498 2785 eius
540 2741 758 2798 Apologia
790 2743 963 2785 furatus
997 2747 1075 2785 est.
1108 2742 1165 2785 At
1197 2742 1234 2785 si
1266 2743 1374 2786 haec
1406 2758 1433 2786 a
1469 2743 1650 2786 Socrate
1685 2758 1768 2785 non

137 2857 159 2899 ¹)
185 2856 337 2890 Praeter
355 2867 399 2889 ea
419 2866 515 2897 quae
534 2854 571 2888 in
595 2854 703 2893 Apol.
729 2854 819 2888 Xen.
839 2854 1018 2897 leguntur
1033 2854 1209 2888 Socrates
1225 2854 1444 2889 Platonicus
1459 2856 1496 2889 in
1512 2855 1771 2889 commenticia

90 2916 152 2950 itta
187 2915 490 2950 confabulatione
515 2927 596 2948 cum
619 2914 806 2949 iudicibus
832 2914 939 2949 valde
964 2914 1227 2958 philosophice.
1253 2915 1485 2949 demonstrat
1511 2920 1665 2950 mortem
1688 2929 1771 2951 esse

91 2977 228 3010 bonum
256 2989 377 3019 neque
402 2975 667 3018 effugiendam.
