2019 3299
898 213 974 256 145

96 335 307 379 Sokrates
348 335 545 392 aufjede
581 336 898 391 Vorbereitung
932 336 1161 379 verzichtet
1195 337 1325 385 hatte,
1369 337 1455 380 und
1489 336 1637 380 diesen
1673 337 1778 380 Ver-

98 410 209 453 zicht
240 427 372 468 sogal·
399 411 478 455 auf
506 412 602 454 eine
634 411 840 467 gottlicbe
869 411 1095 467 Mahnung
1127 412 1414 455 zui-uckft‘ihrt
1441 427 1490 455 so
1518 412 1622 468 liegt
1641 413 1781 476 darm,

97 485 201 528 dass
248 501 293 528 er
340 487 436 529 dem
484 487 794 530 Platonisclien
847 486 980 529 Werk
1030 486 1149 529 seine
1195 487 1525 543 Anerkennung
1558 487 1780 544 versagt.’'

99 561 202 605 Viro
245 562 489 605 clarissimo
532 563 736 606 assentiri
779 578 862 605 non
908 578 1106 619 possum.
1142 568 1181 605 et
1214 563 1282 605 his
1315 564 1490 620 quidem
1523 563 1574 606 de
1607 562 1779 606 causis:

98 636 280 680 Videtur
326 637 542 680 Selianzio
594 653 855 693 persuasum
905 653 1005 680 esse
1054 637 1314 694 Apologiam
1368 653 1466 681 esse
1503 638 1709 694 scriptam
1756 653 1782 681 a

95 710 389 768 Xenophonte
431 717 472 755 et
514 728 563 755 eo
612 712 788 769 quidem
840 712 968 755 modo
1024 717 1067 755 ut
1112 714 1231 757 bona
1260 715 1350 769 fide
1382 713 1544 762 omnia,
1582 728 1693 770 quae
1743 712 1780 756 ei

93 787 386 835 innotuerunt,
421 786 680 844 aequalibus
712 792 752 829 et
787 787 1033 843 posteritati
1069 788 1271 830 traderet.
1307 787 1419 838 Quid
1453 803 1555 843 ergo
1589 803 1669 831 nos
1702 788 1780 830 im·

95 862 209 918 pedit
252 861 487 918 quominus
514 862 742 904 credamus
779 878 924 905 veram
960 879 1058 906 esse
1090 878 1271 906 causam
1304 862 1523 905 scribendi
1556 878 1688 919 quam
1724 863 1778 918 X,

95 938 136 980 in
182 936 307 979 initio
354 937 482 993 Apol.
530 937 728 992 profert?
776 937 968 980 Libellus
1017 937 1164 994 incipit
1211 938 1265 981 ab
1314 937 1431 980 bisce
1475 937 1563 980 fere
1610 939 1777 982 verbis:

97 1011 248 1066 „Quod
290 1012 342 1055 ad
386 1012 610 1055 Socratem
655 1012 840 1068 pertinet
883 1012 1002 1056 iuvat
1048 1017 1088 1055 et
1131 1028 1288 1069 operae
1336 1012 1523 1068 pretium
1576 1018 1641 1055 est
1683 1013 1778 1057 eius

92 1087 307 1131 recordari
340 1091 380 1129 et
413 1086 665 1129 meminisse
698 1087 883 1144 aliisque
916 1103 1260 1131 commemorare
1289 1087 1523 1144 quomodo,
1546 1093 1775 1145 postquam

92 1167 324 1206 accusatus
379 1166 458 1210 est,
510 1177 658 1204 secum
711 1162 762 1204 de
814 1162 1069 1205 defensione
1123 1163 1261 1219 deque
1304 1162 1403 1205 'fine
1458 1162 1572 1206 vitae
1622 1163 1778 1207 delibe-

93 1237 266 1282 raverit.
295 1238 409 1279 Ante
442 1252 509 1279 me
542 1241 688 1280 autem
724 1237 808 1280 iam
844 1237 917 1280 alii
950 1240 1005 1281 de
1037 1240 1140 1282 eins
1167 1240 1277 1281 ante
1303 1240 1487 1282 indices
1504 1241 1778 1293 defensione

93 1316 133 1357 et
168 1315 578 1368 magniloquentia
623 1312 955 1368 sei-ipse1·unt¹),
991 1318 1032 1355 et
1074 1312 1116 1355 in
1165 1313 1370 1356 omnibus
1408 1312 1494 1355 illis
1526 1312 1650 1356 libris
1683 1313 1776 1357 eius

89 1387 295 1445 superbia
335 1402 544 1443 expressa
582 1392 660 1430 est.
696 1387 821 1437 Quod
856 1393 1003 1430 autem
1039 1403 1156 1430 mors
1188 1388 1227 1431 ei
1261 1388 1351 1431 vita
1383 1388 1468 1431 iam
1503 1388 1645 1443 potior
1676 1404 1774 1432 esse

91 1463 331 1511 videbatur,
375 1463 456 1505 hoc
493 1463 548 1506 ab
591 1462 653 1505 eis
698 1462 978 1505 manifestum
1014 1462 1227 1506 redditum
1263 1479 1348 1506 non
1382 1467 1460 1506 est.
1494 1463 1620 1506 Unde
1652 1464 1695 1506 fit
1730 1469 1776 1507 ut

89 1538 226 1581 stulta
266 1543 306 1580 et
345 1538 536 1581 absurda
575 1537 670 1580 eius
704 1537 1083 1594 magniloquentia
1117 1538 1250 1581 videri
1286 1538 1436 1594 possit.
1471 1538 1774 1594 Hermogenes

90 1619 235 1657 autem
283 1613 368 1656 illis
409 1613 563 1657 diebus
610 1628 741 1668 saepe
789 1628 887 1655 cum
931 1629 981 1655 eo
1014 1618 1105 1656 erat
1143 1618 1183 1656 et
1216 1629 1315 1657 eum
1344 1613 1579 1656 comitatus
1613 1619 1691 1657 est.
1730 1614 1768 1657 ls

91 1704 260 1732 mecum
293 1688 630 1731 communicavit
664 1693 704 1731 et
738 1688 841 1730 mihi
871 1689 1065 1731 narravit
1099 1689 1310 1731 nonnulla
1342 1704 1454 1745 quae
1487 1689 1691 1732 Socrates
1725 1689 1766 1732 in

90 1764 297 1808 familiari
338 1763 556 1820 colloquio
599 1763 637 1805 ei
679 1763 869 1811 dixerat:
913 1779 1024 1820 quae
1057 1764 1360 1807 demonstrant
1393 1763 1487 1807 eius
1520 1764 1769 1820 superbiam

91 1855 176 1882 non
217 1839 406 1882 alienam
449 1838 585 1881 fuisse
618 1839 673 1881 ab
706 1838 801 1881 eius
835 1839 1059 1895 proposito
1092 1854 1233 1896 neque
1266 1839 1360 1882 sine
1392 1839 1576 1882 consilio
1608 1839 1772 1885 exhibi-

89 1919 177 1957 tam
212 1913 356 1957 esse.''

152 1991 278 2043 Quae
307 1991 457 2045 igitur
493 1991 625 2043 apud
657 1991 793 2038 alios,
826 1992 908 2044 qni
939 1992 995 2033 de
1026 1990 1238 2033 Socratis
1270 1992 1540 2045 defensione
1572 1992 1769 2045 scripse·

88 2068 215 2118 runt,
248 2067 430 2118 desunt,
464 2079 520 2108 ea
551 2066 729 2118 emplere
761 2067 802 2107 et
833 2067 1049 2119 supplere
1076 2066 1335 2119 Xenophon
1360 2065 1494 2108 habet
1521 2067 1768 2109 inanimo.

90 2141 198 2184 Eam
246 2140 522 2195 potissimum
570 2140 624 2182 ob
672 2155 851 2182 causam
900 2139 1160 2196 Apologiam
1196 2139 1369 2196 scripsit
1401 2144 1442 2182 et
1469 2139 1630 2197 publici
1663 2140 1770 2184 iuris

87 2215 200 2259 fecit.
243 2215 476 2258 Familiare
515 2215 621 2258 illud
655 2215 935 2271 colloquium,
970 2215 1086 2270 quod
1122 2215 1424 2271 Hermogenes
1457 2230 1555 2258 cum
1589 2215 1770 2260 Socrate

88 2290 237 2334 habuit
295 2290 444 2346 paucis
491 2290 646 2333 diebus
693 2295 930 2346 antequam
981 2290 1049 2333 hic
1098 2290 1232 2333 verba
1278 2290 1379 2333 fecit
1427 2294 1527 2333 ante
1588 2289 1767 2341 iudices,

87 2365 370 2422 Xenophonti
403 2365 581 2409 maximi
614 2366 822 2408 momenti
855 2371 962 2409 erat.
990 2367 1119 2409 Haeo
1151 2369 1255 2409 eius
1287 2367 1496 2422 symbola
1527 2368 1641 2409 erat.
1676 2368 1770 2411 Hie

88 2444 154 2485 est
186 2444 395 2485 calculus
422 2456 558 2497 quem
580 2444 767 2485 adiecit.
786 2440 908 2491 Quae
926 2441 1129 2496 leguntur
1146 2442 1228 2497 Ap.
1248 2440 1275 2496 ξ
1293 2441 1411 2496 2—§
1433 2442 1498 2485 10.
1517 2441 1770 2498 Sequuntur

86 2517 241 2559 deinde
288 2516 541 2559 summatim
590 2516 804 2559 nonnulla
850 2531 902 2558 ex
948 2516 1046 2572 ipsa
1094 2516 1350 2559 defensione
1395 2543 1443 2547 —
1486 2532 1571 2577 non
1621 2522 1766 2560 tamen

87 2592 255 2634 omnial
279 2618 329 2622 —
349 2598 389 2634 et
419 2607 471 2634 ex
511 2591 573 2634 eis
605 2607 717 2648 quae
752 2596 849 2647 post
880 2591 968 2634 litis
1002 2591 1355 2634 aestimationem
1390 2597 1431 2634 et
1463 2591 1616 2635 abiens
1648 2591 1766 2634 dixit.

145 2666 271 2717 Quod
311 2665 346 2709 si
388 2666 494 2709 haec
521 2671 634 2709 recte
667 2682 693 2709 a
724 2681 792 2709 me
825 2666 1047 2722 disputata
1079 2670 1195 2715 sunt,
1239 2666 1337 2709 inde
1375 2666 1497 2723 sequi
1531 2667 1657 2710 debet
1690 2667 1765 2710 fal·

131 2781 155 2823 ¹)
179 2780 303 2814 Verba
328 2784 395 2822 περὶ
421 2785 531 2811 τούτου
555 2779 667 2823 paulo
693 2779 959 2823 neglegentius
983 2778 1181 2813 enuntiata
1201 2778 1413 2814 nibilaliud
1428 2779 1639 2824 significare
1657 2792 1766 2826 posse

84 2841 271 2876 videntur.
292 2840 331 2874 Id
353 2840 590 2884 perspicuum
618 2842 675 2873 est
696 2852 714 2873 e
742 2839 864 2874 verbis
890 2839 1156 2883 sequentibus:
1186 2839 1230 2881 „¹75
1257 2843 1306 2872 καὶ
1327 2843 1428 2880 δῆλον,
1453 2844 1497 2872 ὅτι
1522 2849 1563 2882 τῷ
1585 2843 1648 2873 ὄντι
1673 2845 1767 2878 οὕτως

86 2906 203 2944 ἐρρήθη
238 2904 295 2933 ὑπὸ
331 2905 522 2943 Σωκράτους,
553 2912 603 2933 sc.
639 2902 726 2934 anie
764 2900 918 2939 iudices,
956 2912 1031 2933 non
1069 2900 1167 2934 inter
1200 2900 1354 2934 amicos.
1386 2900 1470 2934 Non
1492 2903 1654 2944 possunt
1678 2914 1764 2945 ergo

84 2960 311 3004 significare:
336 2960 380 2994 de
406 2959 675 2994 deliberatione
700 2959 931 2994 defensionis
957 2960 1172 3003 mortisque.

156 3019 319 3056 Apologia
340 3019 593 3054 Xenophontea.
1594 3022 1625 3047 lo
