2019 3299
1013 169 1119 199 xvln

215 279 355 323 ,sidem
390 279 473 323 iam
510 279 711 335 permulti
747 280 931 336 probare
964 281 1107 323 conati
1141 285 1240 335 sunt
1269 281 1315 333 ¹),
1345 284 1384 322 et
1412 279 1715 337 quaestionem
1743 281 1794 324 de
1819 280 1913 323 eius

227 355 419 409 genuina
452 355 619 408 origine
646 355 877 398 absolvere
907 360 1248 412 temptaverunt.
1278 356 1375 406 Qua
1404 355 1444 398 in
1475 356 1774 400 controversia
1801 356 1916 399 alius

227 431 357 474 aliam
405 431 518 475 viam
559 431 784 487 ingressus
817 437 894 475 est.
926 431 1140 475 Nonnulli
1174 433 1589 475 demonstraverunt
1623 432 1662 475 in
1698 432 1916 490 Apologia

228 506 396 550 dicendi
452 511 492 549 et
548 506 764 550 scribendi
820 523 960 563 genus
1019 507 1132 550 idem
1182 523 1279 550 esse
1329 512 1460 564 atque
1509 507 1550 550 in
1598 508 1697 551 aliis
1743 507 1914 565 scriptis

226 580 573 638 Xenophonteis,
617 582 802 625 eandem
847 582 1138 625 elocutionem
1183 581 1462 631 rhetoricam,
1503 583 1686 626 eandem
1720 582 1914 640 periodo·

227 672 321 700 rum
354 662 630 705 structuram,
665 658 846 701 eandem
881 658 1118 713 figurarum
1155 664 1192 701 et
1227 673 1576 715 synonymorum
1611 673 1752 702 usum.
1780 657 1917 714 Igitur

226 733 434 788 scriptum
485 748 664 788 prorsus
712 733 899 775 colorem
950 732 1163 776 orationis
1211 732 1561 788 Xenophonteae
1609 733 1782 777 habere.
1831 731 1915 784 Qui

227 823 394 861 omnes,
437 807 696 865 inquirendo
729 824 815 850 non
855 813 944 851 tam
980 811 1095 863 quid
1128 823 1259 865 quam
1293 812 1521 864 quomodo
1553 808 1787 865 scripserit,
1821 809 1916 852 eius

226 883 515 939 grammatica
570 888 610 926 et
656 883 886 933 rhetorica,
941 889 1077 927 artem
1129 889 1169 926 et
1217 900 1357 940 genus
1405 885 1589 932 dicendi,
1637 884 1827 928 indolem
1875 888 1917 928 et

228 964 429 1002 naturam
479 958 703 1015 scriptoris
751 959 1091 1015 exploraverunt
1139 965 1179 1002 et
1220 976 1485 1015 cognoscere
1534 960 1807 1004 studuerunt.
1849 958 1916 1009 Et,

227 1034 343 1092 quod
381 1035 433 1077 ad
476 1035 589 1078 hanc
631 1040 798 1091 partem
842 1035 1168 1078 controversiae
1212 1035 1409 1092 pertinet,
1454 1036 1598 1079 omnis
1641 1051 1756 1079 nunc
1797 1035 1916 1078 dubi-

227 1109 334 1153 tatio
382 1109 558 1153 sublata
597 1114 662 1152 est
704 1116 740 1152 et
786 1111 963 1153 sublata
1011 1126 1107 1153 esse
1148 1111 1286 1159 debet,
1327 1111 1366 1154 id
1400 1112 1515 1169 quod
1550 1111 1680 1155 etiam
1714 1111 1769 1155 ab
1802 1126 1916 1154 acer-

226 1185 350 1228 rimis
397 1186 662 1230 adversariis
711 1186 975 1230 conceditur.
1044 1187 1138 1230 Hoc
1184 1187 1359 1244 quidem
1410 1188 1463 1231 ad
1510 1192 1675 1231 certum
1723 1187 1918 1244 redigere

228 1262 480 1318 potuerunt!
532 1262 742 1305 Codicum
791 1267 1017 1318 praeterea
1064 1263 1307 1307 auctoritas
1351 1268 1391 1305 et
1425 1254 1623 1306 veterum
1657 1262 1915 1319 scriptorum

227 1337 480 1381 testimonia
520 1338 621 1391 (vid.
665 1338 714 1381 Ο.
759 1338 903 1392 Frick)
945 1338 1054 1382 satis
1087 1339 1307 1395 praesidio
1342 1344 1443 1382 sunt
1476 1339 1624 1382 libello
1658 1345 1697 1382 et
1729 1354 1828 1383 eum
1861 1339 1917 1382 ab

227 1414 566 1457 obtrectatorum
600 1413 874 1470 malignitate
907 1418 1096 1457 tuentur.

286 1490 520 1547 Reliquum
569 1490 701 1546 igitur
748 1495 813 1533 est
861 1494 922 1539 ut,
972 1490 1008 1533 si
1056 1494 1209 1535 oratio
1255 1490 1483 1547 displicere
1534 1506 1617 1533 non
1653 1494 1810 1547 potest,
1843 1505 1919 1535 res

227 1582 339 1624 quae
371 1571 784 1615 commemorantur,
819 1570 858 1608 et
892 1569 1247 1621 argumentum,
1284 1566 1353 1608 vel
1380 1566 1420 1609 in
1451 1565 1707 1609 universum
1726 1580 1919 1622 eaquae

227 1645 461 1697 scriptum
492 1645 711 1691 continet,
749 1642 852 1685 viris
885 1642 1025 1685 doctis
1056 1642 1288 1699 scrupulos
1316 1642 1498 1685 iniciant
1525 1646 1564 1684 et
1593 1641 1655 1685 eis
1683 1641 1918 1685 offensioni

277 1782 298 1824 ¹)
324 1781 469 1816 Paucos
494 1780 715 1815 nominabo:

273 1842 468 1876 MAmmus
493 1842 639 1876 SCHANZ
664 1842 701 1876 in
729 1841 825 1875 Edit.
851 1842 1062 1888 Apologiae
1088 1842 1307 1877 Platonicae
1333 1842 1430 1876 1893.

275 1902 317 1937 H.
343 1902 545 1941 Rmnmns,
572 1902 752 1937 Classical
782 1901 934 1936 Review
960 1902 1030 1936 vol.
1056 1902 1137 1936 XII.
1164 1903 1267 1937 1898:
1303 1902 1404 1945 „The
1436 1902 1558 1936 minor
1586 1901 1708 1936 works
1737 1901 1775 1936 of
1796 1900 1917 1936 Xeno·

228 1963 330 2007 phon
354 1963 387 1997 X
412 1963 600 2007 Apologia
626 1963 828 1997 Socratis''.
1299 1998 1302 2001 ,

275 2024 317 2058 Ο.
342 2023 498 2058 Immscn
524 2026 561 2058 et
586 2023 782 2058 MAnans
811 2024 978 2063 szm„
1004 2024 1109 2058 Neue
1134 2024 1264 2058 Jahrb.
1288 2024 1310 2058 f.
1336 2023 1370 2059 d.
1396 2023 1518 2058 Klass.
1543 2023 1620 2057 Alt.
1644 2035 1680 2057 u.
1703 2022 1726 2057 t.
1747 2023 1861 2058 Paed.
1877 2022 1918 2063 V,

228 2086 261 2129 3,
286 2086 389 2119 1900;
415 2084 496 2127 „die
521 2083 708 2128 Apologie
733 2084 798 2118 des
824 2084 1072 2128 Xenophon”.

273 2147 473 2180 ADOLPHus
509 2144 672 2185 Mmzm,
709 2145 969 2189 Sitzungsber.
1005 2146 1069 2180 der
1102 2146 1205 2180 Kais.
1231 2145 1302 2179 Ak.
1328 2145 1362 2179 d.
1389 2144 1503 2179 Wiss.
1530 2145 1653 2179 Wien.
1679 2144 1921 2185 vohCXLV,

230 2207 332 2241 1903:
359 2206 726 2249 „Untersuchungen
753 2219 833 2240 zum
862 2206 970 2242 Sokr.
997 2206 1212 2241 Prozesse”.

274 2267 428 2304 Deinde,
465 2268 664 2309 postquam
703 2266 877 2300 nonnulli
911 2266 978 2300 viri
1011 2266 1111 2300 docti
1140 2266 1176 2300 in
1202 2266 1418 2300 universum
1444 2265 1482 2300 in
1509 2265 1776 2309 Xenophontis
1800 2278 1920 2309 genus

230 2327 376 2362 dicendi
397 2327 689 2371 inquisiverunt,
715 2328 812 2362 inter
837 2340 933 2372 quos
959 2329 1129 2362 nomino:

276 2389 444 2424 CAnoLUs
482 2388 519 2422 P.
556 2389 737 2429 SCHULZE,
773 2388 1028 2430 Quaestiones
1065 2400 1217 2431 gramm.
1251 2388 1297 2422 ad
1335 2387 1507 2431 Xenoph.
1541 2387 1775 2431 pertinentes
1798 2399 1920 2432 progr.

232 2449 352 2483 Berol.
377 2449 473 2482 1888.

273 2509 493 2544 annniccs
522 2510 737 2549 VVISSMANN,
771 2510 823 2543 De
850 2522 986 2553 genere
1012 2509 1161 2543 dicendi
1188 2509 1479 2554 Xenophonteo,
1509 2509 1600 2543 diss.
1626 2509 1749 2544 Giess.
1778 2508 1873 2542 1888.

278 2570 381 2604 HANs
406 2570 589 2608 SstflAcmn
614 2570 666 2604 De
690 2569 959 2614 Xenophontis
983 2570 1123 2604 studiis
1149 2569 1360 2608 rhetoricis,
1386 2569 1477 2603 diss.
1503 2569 1622 2603 Berol.
1649 2568 1746 2607 1890,

273 2631 374 2665 hisce
399 2631 733 2664 dissertationibus
758 2630 842 2664 freti
874 2631 937 2664 alii
966 2630 1323 2664 demonstraverunt
1351 2629 1576 2673 Apologiam
1606 2641 1701 2673 opus
1727 2641 1812 2663 esse
1838 2641 1920 2663 vere

231 2691 561 2735 Xenophonteum:

275 2752 317 2786 Ο.
343 2752 390 2785 Μ.
418 2752 642 2791 Fiennssflsm',
682 2753 734 2786 De
770 2752 1038 2797 Xenophontis
1075 2752 1264 2796 Apologia
1303 2752 1471 2786 Socratis
1495 2753 1530 2785 et
1556 2750 1732 2785 Isocratis
1755 2750 1921 2785 antidosi

230 2813 474 2855 quaestiones
499 2812 594 2846 duae
619 2812 786 2863 Socratis
813 2813 915 2846 litem
940 2813 1160 2851 attinentes,
1186 2811 1287 2846 Diss.
1312 2812 1401 2846 Iena
1427 2811 1523 2846 1907.

278 2872 318 2906 O.
346 2872 469 2911 mez,
491 2872 757 2916 Xenophontis
785 2885 880 2916 quae
906 2874 1021 2907 tertur
1047 2873 1234 2919 Apologia
1260 2872 1428 2907 Socratis
1451 2884 1536 2905 num
1563 2872 1730 2915 genuina
1752 2871 1922 2915 putanda

233 2933 292 2969 sit,
318 2933 354 2966 in
385 2933 481 2966 Diss.
507 2932 633 2976 philol.
666 2932 750 2966 Hal.
777 2934 830 2975 19,
858 2933 954 2967 1909.
