2019 3299
880 221 961 264 129

144 344 334 401 Uterque
361 344 545 401 scriptor
571 345 622 388 de
653 344 983 388 accusatoribus
1011 344 1092 387 hoc
1121 344 1335 387 vocabulo
1364 343 1510 387 utitur.
1532 344 1766 387 Praeterea

79 421 267 464 occurrit
295 421 337 464 ln
366 421 493 477 Apol.
526 421 635 465 plat.
669 422 725 464 25
744 421 816 465 E.:
844 424 911 462 καὶ
930 421 1027 462 τοῦτ’
1049 423 1180 474 ἀγνοῶ
1199 423 1270 471 ὅτι,
1287 422 1354 461 ἐάν
1373 439 1459 461 τινα
1488 425 1693 471 μοχθηρ
1712 421 1766 458 ὸν

84 500 238 547 ποιήσω
270 505 346 535 τῶν
378 499 580 545 ξυνόντων
614 514 647 536 κ.
679 514 707 536 τ.
741 502 773 536 λ.

137 569 340 626 Suspicio
372 570 518 614 statim
552 570 689 614 oritur
719 576 999 614 accusatores
1024 570 1192 614 Socrati
1226 569 1440 613 obiecisse
1473 569 1528 612 ab
1561 584 1612 611 eo
1642 567 1765 610 iuve-

85 659 162 688 nes
203 649 432 697 μοχθηρούς
463 645 569 693 fieri,
602 645 755 688 deinde
788 646 1013 688 Socratem
1046 661 1097 687 eo
1129 645 1224 700 ipso
1257 644 1470 687 vocabulo
1504 658 1632 686 usum
1668 657 1765 685 esse

85 720 126 763 in
168 721 457 764 adversarios.
505 721 666 777 Utique
709 721 751 764 in
799 720 912 763 Men.
946 720 1055 763 Plat.
1089 723 1156 763 ter
1186 720 1256 774 (91
1278 719 1326 773 Ε,
1358 719 1414 762 92
1433 718 1481 770 C)
1512 718 1676 774 legitur
1713 732 1765 760 ea

82 795 401 852 significatione
427 801 466 839 et
495 796 698 840 Socrates
731 795 794 839 eis
826 795 934 839 locis
967 810 1016 838 eo
1048 795 1262 838 vocabulo
1292 794 1426 837 utitur
1456 794 1508 836 de
1555 793 1764 836 iuvenum

81 870 393 927 depravatione
429 872 495 915 vel
528 872 647 916 mala
679 871 939 915 educatione
969 876 1010 913 et
1041 870 1335 913 institutione.

139 945 254 990 Men.
285 947 339 991 91
359 946 418 990 E:
451 949 577 987 καίτοι
609 947 720 999 τέρας
752 947 887 999 λέγεις,
918 948 949 985 εἰ
982 947 1023 986 οἱ
1054 945 1126 996 μὲν
1158 947 1203 984 τὰ
1240 945 1478 996 ὑποὸήαατα
1506 944 1764 996 ἐργαζόμενοι

81 1021 127 1060 τὰ
157 1023 306 1061 παλαιὰ
336 1022 402 1062 καὶ
432 1023 478 1062 τὰ
513 1023 646 1073 ἱμάτια
678 1022 940 1072 ἐξακούμενοι
972 1022 1045 1061 οὐκ
1076 1020 1126 1059 ἂν
1158 1022 1348 1060 δύναιντο
1381 1024 1524 1059 λαθεῖν
1557 1016 1760 1070 τριάκονθ’

10 1131 13 1134 ,
79 1096 226 1150 ἡμέρας
259 1115 284 1148 μ
297 1114 316 1137 ο
330 1115 349 1150 χ
361 1102 391 1137 θ
404 1114 427 1150 η
439 1114 460 1147 ρ
474 1099 493 1137 ό
509 1114 524 1136 τ
536 1113 552 1137 ε
566 1114 586 1148 ρ
600 1114 624 1136 α
656 1097 917 1144 ἀποδιδόντες
944 1096 968 1148 ἢ
995 1097 1238 1148 παρέλαβον,
1263 1093 1340 1135 ἀλλ’
1372 1097 1403 1135 εἰ
1420 1102 1583 1135 τοιαῦτα
1599 1099 1766 1143 ποιοῖεν,

79 1172 175 1224 ταχὺ
220 1171 271 1211 ἂν
318 1181 367 1227 τῷ
413 1177 510 1228 λιμῷ
557 1172 822 1222 ἀποθάνοιεν,
866 1173 1132 1223 Πρωταγόρας
1175 1170 1217 1210 δὲ
1258 1171 1334 1221 ἄρα
1368 1171 1464 1221 ὅλην
1496 1170 1567 1220 τὴν
1592 1167 1766 1208 Ἑλλάδα

79 1247 303 1287 ἐλάνθανεν
321 1247 574 1297 διαφθείρων
602 1247 693 1294 τοὺς
725 1246 1066 1298 συγγιγνομένους
1084 1246 1149 1285 καὶ
1181 1246 1614 1297 μοχθηρότερους
1646 1244 1765 1283 ἀπο-

80 1323 289 1374 πέμπων
314 1321 346 1374 l)
380 1322 403 1374 ἢ
436 1323 741 1374 παρελάμβανεν
773 1326 884 1361 πλεῖν
916 1321 941 1373 ἢ
973 1322 1257 1372 τετταράκοντα
1290 1321 1365 1371 ἔτη.

137 1398 247 1442 Plat.
295 1397 410 1441 Men.
458 1396 590 1441 92C:
638 1398 735 1437 ἀλλὰ
783 1398 855 1450 γὰρ
897 1398 944 1437 οὐ
976 1399 1139 1444 τούτους
1173 1400 1365 1448 ζητοῦμεν
1398 1398 1499 1443 τίνες
1528 1396 1641 1444 εἰσίν,
1671 1397 1761 1446 παρ’

80 1473 149 1522 οὓς
181 1473 230 1513 ἂν
265 1473 416 1513 Μένων
448 1473 693 1522 ἀφικόμενος
725 1473 992 1523 μοχθηρὸς
1026 1472 1190 1525 γένοιτο.

136 1548 196 1591 De
244 1548 337 1604 ipso
374 1548 628 1591 adversario
666 1547 911 1591 adhibitum
944 1548 1147 1599 μοχθηρός
1179 1546 1366 1589 occurrit
1398 1545 1440 1588 in
1475 1544 1609 1600 Gorg.
1644 1543 1757 1587 Plat.

78 1623 161 1667 521
197 1622 244 1666 C.
277 1622 350 1666 ubi
383 1622 580 1667 Socratis
613 1622 838 1666 damnatio
871 1621 1127 1678 respicitur:

124 1699 200 1747 ’Ὡς
231 1715 298 1749 μοι
328 1700 470 1749 δοκεῖς,
501 1695 530 1739 ὦ
563 1700 785 1751 Σώκρατες,
814 1700 1012 1738 πιστεύειν
1044 1696 1140 1750 μηὸ’
1176 1697 1226 1736 ἂν
1253 1699 1300 1736 ιὲν
1331 1699 1483 1736 τούτων
1517 1699 1687 1746 παθεῖν,
1713 1694 1764 1741 ὡς

78 1775 199 1815 οἰκῶν
237 1775 418 1815 ἐκποδὼν
458 1775 524 1814 καὶ
564 1776 639 1814 οὐκ
680 1774 729 1813 ἂν
772 1774 969 1826 εἰσαχθεὶς
1017 1775 1070 1821 εἰς
1118 1774 1375 1823 δικαστήριον
1418 1772 1497 1812 ὑπὸ
1531 1772 1638 1810 πάνυ
1672 1772 1764 1817 ἴσως

79 1854 351 1902 μοχθηροῦ
383 1849 606 1901 ἀνθρώπου
638 1850 704 1889 καὶ
736 1851 907 1899 φαύλου.

137 1923 206 1967 Ab
252 1940 302 1968 eo
348 1925 446 1968 inde
487 1929 680 1981 tempore
722 1924 898 1981 saepius
938 1922 1097 1979 legitur
1136 1923 1218 1965 hoc
1252 1920 1531 1965 vocabulum.
1569 1920 1763 1963 Debetur

80 2005 155 2043 aut
196 1999 278 2057 ipsi
323 1999 507 2049 Socrati,
553 2004 629 2043 aut
676 1999 770 2042 eius
817 1998 1095 2042 adversariis.
1147 1997 1313 2048 Quodsi
1357 1996 1476 2052 prius
1520 1995 1764 2039 adversarii

80 2079 232 2118 contra
272 2075 496 2119 Socratem
540 2075 622 2118 hoc
666 2074 880 2117 vocabulo
914 2074 981 2117 usi
1014 2078 1129 2121 sunt,
1164 2072 1234 2115 hic
1264 2072 1376 2116 laete
1410 2071 1451 2114 id
1484 2071 1626 2127 ipsum
1660 2070 1762 2113 arri-

19 2191 21 2193 .
81 2150 186 2206 puit‚
224 2156 268 2194 ut
301 2151 570 2195 adversariis
601 2150 885 2207 turpitudinis
924 2154 965 2193 et
996 2149 1263 2205 ignominiae
1297 2154 1445 2191 notam
1480 2146 1766 2203 imprimeret.

140 2226 281 2270 Nobis
317 2232 463 2270 autem
496 2227 759 2270 adiectivum
794 2225 894 2269 usui
925 2230 1004 2274 est,
1038 2225 1153 2282 quod
1187 2223 1377 2267 ostendit
1408 2223 1553 2266 locum
1584 2222 1625 2265 in
1648 2222 1761 2265 Men.

79 2301 312 2345 cohaerere
339 2318 438 2346 curn
472 2302 801 2346 narratiuncula
833 2301 874 2344 in
906 2301 1033 2357 Apol.
1068 2300 1182 2343 Xen.

139 2377 240 2421 Alia
283 2377 446 2421 similia
492 2378 601 2421 haec
647 2382 762 2426 sunt,
811 2376 957 2420 minus
998 2375 1237 2419 manifesta
1268 2374 1457 2432 quidem,
1493 2389 1580 2417 non
1615 2378 1761 2417 autem

81 2452 367 2509 neglegenda.

140 2526 188 2569 In
232 2527 360 2584 Apol.
402 2526 513 2571 Xen.
547 2528 605 2571 30
636 2527 846 2584 legimus:
882 2528 1247 2580 συνεγενόμην
1279 2528 1353 2579 γάρ
1385 2541 1502 2565 ποτε
1536 2525 1681 2578 βραχέα
1713 2532 1763 2579 τῷ

83 2605 244 2643 Ἀνύτου
276 2603 363 2657 υἱῷ.

139 2676 188 2720 In
226 2677 413 2721 Menone
456 2679 513 2722 92
532 2677 581 2721 B.
625 2678 732 2721 haec
764 2692 970 2722 resonare
1004 2676 1217 2719 videntur.
1251 2675 1440 2732 Anytus,
1473 2675 1764 2730 interrogatus

81 2752 287 2810 numquis
318 2752 518 2809 sophista
549 2752 633 2795 sibi
676 2752 789 2796 male
832 2751 995 2801 fecerit,
1033 2750 1289 2807 respondet:
1325 2751 1419 2791 οὐδὲ
1451 2751 1505 2801 μὰ
1537 2752 1614 2790 Δία
1646 2751 1765 2803 ἔγωγε

128 2923 154 2965 ¹)
180 2922 280 2956 [dem
314 2921 417 2956 verbi
453 2924 648 2961 ἀποπέμπειν
685 2934 778 2956 usus
812 2919 907 2955 Xen.
939 2921 1048 2955 Mem.
1082 2920 1106 2954 l.
1131 2919 1162 2954 2.
1186 2920 1247 2959 61;
1273 2919 1370 2954 Hell.
1399 2919 1458 2954 vl.
1483 2919 1515 2954 Ξ.
1544 2920 1602 2959 15;
1630 2919 1765 2963 Cyrop.

86 2981 181 3017 vlu.
204 2982 235 3017 7.
262 2981 317 3016 27.

186 3040 350 3076 Apologia
367 3038 622 3074 Xenophontem
1607 3038 1624 3064 9
