2019 3299
892 168 944 210 21

252 292 374 344 Quae
424 293 556 336 verba
602 292 700 335 licet
749 308 835 335 non
878 296 979 336 ante
1022 291 1186 335 iudices
1219 292 1334 335 dicta
1365 291 1465 340 sint,
1500 295 1646 334 tamen
1678 289 1761 333 hae

198 367 533 412 deliberationes
575 383 685 425 quas
728 383 826 410 cum
868 367 1022 411 amicis
1060 367 1211 410 habuit
1249 367 1303 410 ad
1336 366 1636 409 defensionem
1671 379 1760 420 per-

196 443 333 486 tinent
361 447 401 485 et
428 443 669 486 luculenter
695 442 930 485 ostendunt
953 442 1126 499 qualem
1145 442 1197 485 de
1215 457 1261 484 se
1278 441 1481 484 habuerit
1497 440 1760 497 opinionem.

140 541 268 599 Apol.
305 542 371 586 13.
403 543 469 582 καὶ
500 539 610 593 οἶμαι
641 544 764 590 οὕτως
797 542 1003 593 ὀνομάζων
1035 543 1101 581 καὶ
1132 542 1461 593 ἀληθέστερα
1494 541 1577 581 καὶ
1611 540 1760 581 ὁσιώ-

198 633 316 670 τερα
357 617 541 670 λέγειν.

138 715 265 772 Apol.
302 715 368 759 14.
407 716 496 769 ’Ἀγε
542 717 590 768 δὴ
637 716 831 757 ἀκούσατε
863 717 926 755 καὶ
960 716 1056 756 ἄλλα
1089 717 1155 755 ἵνα
1187 716 1240 755 ἔτι
1272 720 1420 766 μᾶλλον
1453 716 1491 756 οἱ
1524 716 1762 768 βουλόμενοι

195 792 307 842 ὑμῶν
338 792 529 831 ἀπιστῶσι
559 800 609 846 τῷ
642 791 706 843 ἐμὲ
741 797 974 843 τετιμῆσθαι
1006 792 1085 832 ὑπὸ
1119 792 1334 843 δαιμόνων.

137 890 265 948 Apol.
300 890 367 934 14.
414 891 566 931 ἀνεῖλεν
612 891 632 931 ὅ
681 893 876 931 Ἀπόλλων
921 891 1073 943 μηδένα
1119 888 1220 931 εἶναι
1266 890 1498 943 ἀνθρώπων
1540 890 1637 942 ἐμοῦ
1670 891 1764 942 μήτε

194 967 520 1020 ἐλευθεριώτερον
551 968 645 1019 μήτε
677 968 922 1019 δικαιότερον
954 967 1049 1018 μήτε
1081 968 1415 1019 σωφρονέστερον.

137 1065 265 1123 Apol.
301 1068 367 1110 15.
401 1066 465 1118 ἐμὲ
498 1067 539 1107 δὲ
570 1072 650 1122 θεῷ
683 1066 754 1118 μὲν
787 1068 861 1107 οὐκ
888 1068 1057 1119 εἴκασεν,
1074 1067 1307 1119 ἀνθρώπων
1326 1065 1367 1106 δὲ
1385 1070 1514 1121 πολλῷ
1532 1065 1764 1117 προέκρινεν

196 1142 449 1194 ὑπερφέρειν,
480 1140 634 1184 deinde
667 1140 740 1196 ἐξ
773 1142 839 1192 16,
862 1142 928 1190 17,
951 1142 1017 1191 18,
1041 1142 1091 1184 19
1120 1139 1210 1181 καθ’
1241 1141 1283 1181 ἕν
1310 1141 1476 1181 ἕκαστον
1494 1140 1764 1184 demonstrat

201 1232 350 1260 verum
384 1216 546 1260 dixisse
580 1217 808 1260 oraculum
839 1221 880 1260 et
912 1221 1051 1260 semet
1078 1217 1171 1274 ipse
1203 1216 1410 1260 laudibus
1443 1215 1624 1259 extollit.

140 1316 267 1373 Apol.
300 1317 371 1361 21.
417 1317 483 1368 ἐμὲ
530 1319 584 1369 δέ,
630 1319 687 1358 ὅτι
732 1319 821 1371 περὶ
866 1326 935 1359 τοῦ
978 1320 1160 1371 μεγίστου
1203 1317 1364 1371 ἀγαθοῦ
1397 1317 1647 1369 ἀνθρώποις,
1677 1317 1764 1368 περὶ

195 1395 390 1445 παιδείας,
420 1393 686 1446 βέλτιστος
719 1390 857 1434 εἶναι
890 1394 969 1434 ὑπὸ
1002 1410 1120 1434 τινων
1156 1395 1535 1446 προκρίνομαι,
1569 1409 1603 1432 κ.
1636 1409 1666 1432 τ.
1693 1396 1724 1431 λ.

136 1492 265 1549 Apol.
297 1492 367 1536 23.
410 1494 539 1546 ἔλεγεν
581 1494 636 1533 ὅτι
671 1494 712 1533 τὸ
749 1494 1027 1545 ὑποτιμᾶσθαι
1069 1492 1360 1546 ὁμολογοῦντος
1401 1493 1461 1544 εἴη
1502 1491 1666 1532 ἀδικεῖν.
1699 1489 1764 1534 Cf.

196 1567 307 1612 Plat.
343 1567 471 1626 Apol.
505 1568 560 1612 37
579 1568 629 1612 Β.

136 1667 263 1725 Apol.
295 1667 366 1711 24.
400 1668 483 1720 ἐμοὶ
517 1669 560 1708 δέ
590 1685 623 1707 τι
656 1669 847 1721 προσήκει
878 1675 973 1707 νῦν
1005 1672 1154 1719 μεῖον
1186 1672 1411 1719 φρονεῖν
1447 1684 1481 1706 κ.
1513 1684 1543 1706 τ.
1575 1671 1606 1707 λ.

253 1742 408 1786 deinde
441 1742 468 1797 ᾖ
502 1743 558 1786 26
591 1757 763 1799 quoque
796 1741 927 1799 plena
958 1741 1190 1799 superbiae
1223 1745 1303 1785 est.

253 1814 555 1861 Finis'autem
590 1817 804 1861 orationis
837 1822 1014 1861 coronat
1049 1832 1174 1874 opus,

137 1908 264 1966 Apol.
297 1908 325 1964 ἓ
358 1909 427 1952 27.
460 1910 613 1965 ἀπῄει
654 1910 738 1949 καὶ
779 1910 976 1961 ὄμμασι
1016 1909 1100 1949 καὶ
1142 1910 1365 1961 σχήματι
1406 1907 1627 1960 (novimus
1670 1907 1764 1951 eius

197 1983 436 2035 habituml)
477 1985 560 2024 καὶ
603 1986 884 2037 βαδίσματι
933 1985 1170 2035 φαιδρός.

138 2059 234 2103 Vid.
268 2064 493 2117 praeterea
526 2059 554 2115 ἓ
587 2060 658 2110 29,
691 2061 760 2103 30.

135 2177 333 2221 Numina
374 2178 411 2221 ei
445 2178 675 2233 favebant;
710 2182 858 2234 aperte
892 2182 933 2220 et
964 2177 1099 2220 libere
1134 2178 1215 2220 hoc
1247 2169 1534 2220 demonstrat.
1567 2176 1632 2220 Ob
1666 2191 1762 2220 eam

76 2268 166 2296 rem
199 2253 427 2297 nonnullis
459 2253 677 2297 iudicibus
711 2253 903 2296 invidiae
930 2259 1008 2296 est.
1037 2253 1229 2296 Tantum
1258 2257 1406 2296 autem
1434 2252 1559 2296 abest
1577 2257 1623 2295 ut
1641 2251 1762 2296 illam

77 2327 288 2372 invidiam
320 2334 475 2373 caveat
507 2333 554 2372 ut
586 2345 662 2372 eos
695 2328 826 2373 etiam
861 2328 1124 2372 exacerbare
1158 2328 1319 2372 audeat
1351 2328 1480 2385 Apol.
1517 2328 1584 2371 14.

134 2403 306 2447 Etenim
355 2404 684 2448 damnationem
733 2419 860 2447 suam
910 2404 1195 2459 praevidebat
1243 2404 1547 2460 praemonitus
1593 2419 1620 2447 a
1667 2404 1761 2447 deo.

75 2479 202 2536 Apol.
250 2481 289 2522 5.
339 2480 378 2523 7.
422 2479 550 2535 Apol.
595 2480 705 2523 Plat.
748 2479 805 2523 40
824 2479 871 2522 B.
892 2478 938 2522 C.
982 2479 1035 2522 41
1059 2479 1108 2522 D.
1152 2479 1445 2535 Septuaginta
1489 2478 1578 2522 fere
1621 2494 1762 2523 annos

77 2558 207 2597 natus
239 2554 477 2611 impietatis
505 2555 811 2598 accusabatur.
845 2554 945 2597 Non
980 2554 1210 2610 ignorabat
1244 2554 1386 2611 qualis
1424 2570 1528 2610 erga
1553 2570 1599 2598 se
1626 2554 1763 2597 homi-

77 2644 180 2672 num
225 2628 252 2672 i.
279 2645 314 2672 e.
353 2629 544 2673 iudicum
593 2630 767 2674 animus
800 2635 930 2680 esset,
964 2635 1131 2687 quanta
1164 2630 1362 2687 potentia
1395 2630 1763 2681 adversariorum,

78 2710 246 2762 quanta
285 2721 368 2749 sua
409 2706 547 2762 ipsius
589 2706 742 2750 innata
782 2707 976 2750 libertas.
1011 2707 1279 2750 Persuasum
1316 2707 1449 2763 igitur
1481 2707 1519 2750 ei
1551 2711 1644 2750 erat
1676 2721 1761 2749 non

78 2795 208 2836 posse
250 2796 297 2823 se
339 2796 425 2823 non
468 2796 604 2825 causa
644 2782 809 2825 cadere.
843 2782 1093 2825 Accedebat
1126 2781 1241 2825 enim
1276 2786 1321 2825 ut
1353 2782 1595 2826 orationem
1629 2781 1761 2824 medi-

75 2854 157 2898 tari
200 2855 481 2899 daemonium
530 2857 677 2900 nollet.
726 2857 845 2900 Mors
893 2862 1040 2900 autem
1091 2857 1128 2900 ei
1169 2856 1361 2901 instabat
1407 2856 1759 2914 septuagenario.

79 2929 267 2973 Molesta
305 2936 511 2974 senectus
553 2931 591 2975 ei
634 2947 720 2974 non
763 2931 999 2988 arridebat,
1046 2931 1180 2975 immo
1221 2931 1472 2988 effugienda
1509 2932 1759 2980 videbatur;
