2019 3299
1032 179 1108 222 146

181 325 184 330 ·
227 320 321 347 sam
354 319 449 347 esse
482 303 746 346 sententiam
781 302 1000 346 Schanzii.
1032 302 1127 354 (Vir
1160 302 1210 346 cl.
1244 303 1467 346 contendit
1500 302 1761 359 Apologiam
1797 302 1911 348 Xen.

227 385 378 424 contra
410 379 673 436 Apologiam
705 378 815 422 Plat.
850 394 948 421 esse
981 378 1217 435 scriptam).

288 538 330 591 l)
364 537 583 593 Apologia
614 537 726 580 Xen.
760 552 845 579 non
885 541 950 579 est
983 536 1147 592 scripta
1173 539 1336 580 contra
1361 551 1515 581 unam
1541 536 1722 580 alteram
1751 537 1910 593 Apolo-

225 612 342 669 giam
384 612 671 662 (Platonicam
715 617 833 669 puta,
877 617 922 654 ut
967 612 1058 654 vult
1093 611 1366 665 Schanzius),
1398 627 1538 668 neque
1569 616 1721 655 contra
1746 614 1912 667 plures

226 688 337 731 alias
377 688 613 741 (γεγράφασι
645 687 716 738 μὲν
754 684 827 728 οὖν
860 688 947 739 περὶ
980 690 1123 728 τούτου
1156 687 1220 727 καὶ
1252 688 1362 726 ἄλλοι
1394 688 1459 726 καὶ
1492 689 1633 735 πάντες
1669 713 1718 718 »-
1753 687 1912 743 plurali

227 763 426 806 numero!
465 790 513 794 —
548 764 685 815 ἔτυχον
718 770 785 815 τῆς
817 765 1106 816 μεγαληγορίας
1139 763 1291 808 αὐτοῦ).
1326 761 1516 805 Omnino
1543 777 1628 804 non
1657 767 1721 805 est
1748 763 1911 819 scripta

225 844 377 881 contra
409 839 534 887 alias,
570 854 710 895 neque
743 854 817 881 eas
837 837 1054 893 corrigere
1074 837 1186 885 vult;
1214 839 1431 893 supplere
1459 842 1498 879 et
1525 839 1706 892 emplere
1724 842 1911 881 tantum-

224 915 351 957 modo
384 930 458 957 eas
491 914 623 970 cupit.
657 914 813 970 Neque
841 928 992 958 unam
1019 912 1308 966 (Platonicam
1338 917 1457 969 puta,
1477 912 1631 955 dixerit
1649 913 1910 967 Schanzius)

223 990 505 1047 suppleturus
531 996 610 1039 est,
644 990 718 1033 sed
752 1005 919 1038 omnes,
955 1005 1068 1046 quae
1101 995 1203 1032 ante
1235 1004 1361 1031 suam
1391 988 1431 1031 in
1467 988 1607 1031 lucem
1643 989 1910 1045 prodierunt.

280 1148 323 1202 2)
358 1149 481 1192 Alias
519 1148 760 1204 Apologias
803 1152 872 1192 vel
908 1152 1070 1203 potius
1113 1152 1214 1192 alia
1247 1151 1428 1202 scripta
1459 1163 1580 1204 quae
1610 1150 1666 1192 de
1698 1148 1910 1193 Socratis

222 1228 494 1281 defensione
525 1227 690 1279 ayunt,
723 1224 973 1281 Xenophon
1009 1224 1211 1280 supplere
1246 1223 1336 1266 vult
1374 1229 1548 1280 propter
1581 1223 1908 1281 magniloquen-

219 1301 325 1344 tiam
374 1300 683 1347 inconsultam,
733 1299 1117 1347 inconsideratam,
1163 1298 1430 1347 stultiorem;
1467 1314 1552 1341 non
1586 1304 1732 1342 autem
1766 1299 1908 1343 Plato-

224 1377 380 1419 nicam.
428 1374 656 1419 Platonica
702 1375 922 1431 Apologia
968 1375 1123 1418 harum
1172 1374 1213 1417 in
1258 1389 1440 1417 numero
1484 1390 1581 1417 esse
1623 1390 1708 1417 non
1752 1379 1908 1431 potest.

223 1452 270 1495 In
310 1451 538 1494 Platonica
570 1450 684 1493 enim
718 1451 939 1507 Apologia
972 1450 1179 1506 superbia
1213 1455 1252 1493 et
1295 1449 1685 1506 magniloquentia,
1729 1453 1907 1506 qualis-

223 1542 420 1584 cumque
460 1542 515 1571 ea
557 1525 682 1579 est¹)‚
728 1542 816 1569 non
860 1526 953 1569 sine
996 1525 1181 1569 consilio
1215 1524 1410 1568 exhibita
1443 1530 1508 1568 est
1542 1541 1682 1583 neque
1715 1526 1904 1570 inconsi-

220 1605 383 1653 derata,
413 1618 554 1660 neque
580 1602 831 1645 inconsulta
859 1602 997 1645 videri
1026 1606 1181 1658 potest.
1203 1602 1278 1644 sed
1297 1606 1559 1658 argumenta
1576 1602 1737 1658 quibus
1756 1602 1908 1646 nititur

220 1679 501 1733 proferuntur
541 1677 821 1734 gravissima.
864 1677 962 1728 Qua
1003 1677 1044 1720 in
1088 1693 1132 1720 re
1176 1677 1302 1719 nobis
1338 1692 1375 1719 v.
1411 1677 1449 1720 d.
1484 1676 1731 1720 Schanzius
1764 1678 1906 1722 denuo

218 1755 478 1798 refutandus
511 1759 591 1796 est.
625 1753 667 1796 Is
699 1754 813 1796 enim
849 1757 972 1810 putat
1009 1768 1189 1796 causam
1224 1752 1334 1795 satis
1367 1752 1569 1796 idoneam
1606 1768 1689 1795 non
1725 1753 1905 1810 proferri

221 1831 350 1873 huius
393 1830 638 1886 superbiae.
678 1830 826 1886 Ipsum
866 1829 1099 1873 audiamus
1130 1829 1187 1871 l.l.
1225 1829 1303 1872 79:
1340 1828 1446 1883 „Die
1478 1831 1744 1882 μεγαληγορία
1776 1828 1832 1871 ist
1857 1829 1907 1886 ja

220 1906 316 1948 eine
362 1921 473 1961 ganz
522 1905 759 1948 besonders
812 1905 853 1948 in
902 1905 971 1947 die
1015 1906 1169 1960 Augen
1213 1904 1479 1960 springende
1512 1903 1799 1960 Eigenschaft
1830 1904 1907 1948 des

221 1981 527 2024 Platonischen
581 1980 914 2024 Schriftstucks.
964 1980 1025 2023 Ist
1071 1979 1140 2023 die
1187 1979 1611 2035 Todesverachtung
1652 1980 1755 2023 aber
1787 1980 1905 2023 nicht

220 2057 475 2100 motiviert‘?
515 2056 765 2112 Allerdings
808 2056 942 2099 durch
977 2056 1058 2099 den
1095 2055 1293 2098 Hinweis
1326 2055 1404 2098 auf
1433 2056 1529 2098 dem
1563 2055 1757 2099 Zustand
1790 2056 1901 2099 nach

216 2134 312 2176 dem
346 2132 454 2175 Tod.
491 2132 634 2174 Allein
668 2132 759 2174 dies
791 2131 908 2174 fuhrt
944 2131 1023 2175 auf
1053 2131 1200 2174 solche
1235 2130 1596 2187 philosophische
1623 2130 1900 2187 Spekulatio-

218 2225 316 2262 nen,
366 2208 528 2251 welche
575 2207 787 2251 Sokrates
833 2207 927 2250 fern
971 2207 1112 2263 lagen.
1151 2207 1290 2250 Unter
1332 2206 1444 2249 allen
1486 2206 1760 2250 Umstanden
1795 2206 1900 2250 wird

218 2285 296 2328 auf
321 2284 482 2327 diesem
513 2282 626 2339 Weg
655 2283 722 2326 die
744 2285 1010 2337 μεγαληγορία
1030 2299 1111 2325 nur
1129 2283 1421 2338 ungent'igend
1440 2282 1903 2339 erkla1·t,wenigstens

218 2360 286 2403 fur
328 2360 455 2403 einen
498 2359 646 2404 Mann.
692 2359 767 2401 der
807 2374 856 2401 so
897 2359 1000 2401 sehr
1040 2358 1119 2402 auf
1158 2359 1255 2401 dem
1289 2358 1572 2415 Standpunkt
1605 2359 1681 2401 der
1711 2358 1902 2402 Realitat

217 2436 359 2486 stand,
393 2435 474 2478 wie
508 2434 804 2491 Xenophon.'’

275 2512 438 2555 Contra
484 2525 596 2567 quae
647 2510 754 2553 haec
802 2509 1080 2553 observanda
1130 2513 1247 2552 sunt.
1297 2508 1343 2551 In
1394 2509 1670 2565 paragrapho
1702 2509 1781 2551 22³
1812 2509 1896 2565 Ap.

216 2587 464 2643 Xenophon
510 2585 651 2627 denuo
695 2584 869 2641 exponit
902 2584 1005 2641 quid
1039 2584 1121 2626 sibi
1156 2584 1255 2627 velit
1289 2583 1480 2641 quidque
1512 2583 1596 2626 sibi
1628 2583 1898 2641 propositum

216 2663 294 2705 sit:
343 2663 416 2715 ἐγὼ
464 2663 511 2703 οὐ
554 2663 599 2701 τὰ
645 2665 773 2701 πάντα
811 2663 937 2701 εἰπεῖν
979 2662 1024 2700 τὰ
1057 2661 1097 2700 ἐκ
1129 2668 1195 2713 τῆς
1228 2662 1341 2712 δίκης
1374 2661 1619 2712 ἐσπούδασα,
1649 2658 1726 2700 ἀλλ’
1761 2659 1899 2712 ἤρκεσέ

261 2833 284 2874 ¹)
313 2831 352 2865 ln
386 2844 465 2874 cap.
500 2830 616 2874 primo
649 2830 992 2864 demonstravimus
1025 2829 1151 2873 qualis
1178 2842 1220 2863 ea
1245 2828 1421 2875 superbia
1445 2831 1558 2863 esset.
1589 2830 1682 2864 Vere
1707 2828 1896 2872 superbia

214 2894 429 2926 ‘nominari
457 2902 539 2925 non
559 2892 700 2934 potest.
720 2890 840 2924 Video
862 2893 898 2924 et
920 2891 967 2924 M.
990 2890 1213 2924 sznmuii
1237 2889 1292 2923 l.l.
1314 2889 1498 2924 eiusmodi
1520 2889 1747 2924 sententiam
1769 2891 1896 2923 contra

215 2952 437 2985 Schanzium
464 2951 670 2994 aperuisse.
