2019 3299
922 192 1002 234 133

183 316 303 367 Quae
338 321 483 359 autem
518 315 568 357 de
602 314 913 364 Themistocle,
947 313 1123 363 Pericle,
1152 313 1409 369 Thucydide
1437 326 1673 367 eorumque
1701 309 1803 352 filiis

123 391 338 439 dicuntur,
374 405 426 433 ea
461 415 511 420 —
549 388 629 430 hoc
663 387 779 430 enim
814 393 956 431 mente
990 388 1281 443 supplendum
1319 414 1367 418 -—
1399 388 1538 430 tacite
1570 385 1621 428 de
1653 384 1801 440 Anyto

121 465 259 521 deque
306 464 400 507 eius
447 462 536 505 filio
582 465 920 518 significantur
959 464 1030 511 (95
1050 463 1101 505 A.
1144 462 1293 514 ἡγεῖται
1337 463 1403 501 καὶ
1435 462 1555 508 αὐτὸς
1594 457 1696 500 εἶναι
1745 456 1801 507 εἷς

121 539 300 593 τούτων).

180 613 275 657 Hac
316 617 463 656 autem
507 611 603 655 luce
646 611 753 654 haec
794 611 928 654 verba
964 611 1005 653 in
1040 611 1227 653 Menone
1260 625 1357 653 cum
1391 609 1518 665 Apol.
1553 608 1666 651 Xen.
1700 611 1802 650 sunt

118 687 434 744 componenda,
467 687 524 729 93
543 686 599 728 D:
633 687 706 726 οὐκ
738 685 787 725 ἂν
820 688 894 737 ἄρα
925 688 996 737 τήν
1029 702 1069 738 γε
1101 688 1225 735 φύσιν
1258 693 1325 725 τοῦ
1359 685 1449 732 ὑέος
1476 686 1599 724 αὐτοῦ
1630 680 1798 738 ᾐτιάσατ’

118 763 168 802 ἄν
200 780 255 810 τις
288 760 392 801 εἶναι
423 763 562 811 κακήν.

176 836 228 879 Et
261 835 303 878 in
336 835 464 891 Apol.
499 833 611 877 Xen.
645 835 724 877 30:
759 834 822 873 καὶ
856 834 962 882 ἔδοξέ
994 850 1062 885 μοι
1095 834 1168 873 οὐκ
1196 833 1394 884 ἄρρωστος
1426 832 1497 883 τὴν
1524 832 1660 883 ψυχὴν
1687 829 1801 876 εἶναι,

178 909 553 967 Deprehendimus
586 907 716 964 igitur
747 908 889 950 denuo
924 907 1145 950 vinculum
1178 923 1264 963 quo
1292 906 1415 949 locus
1443 905 1516 963 qui
1544 905 1586 949 in
1616 905 1802 949 Menone

121 987 172 1031 de
217 987 363 1042 Anyto
402 984 505 1041 agit,
548 983 807 1026 coniunctus
848 988 914 1025 est
958 998 1056 1025 cum
1091 981 1422 1025 narratiuncula
1454 981 1497 1023 in
1530 981 1658 1038 Apol.
1688 980 1801 1024 Xen.

183 1061 277 1103 Hoc
320 1059 516 1104 Socratis
559 1074 656 1102 cum
701 1059 850 1114 Anyto
894 1057 1160 1113 colloquium
1205 1056 1383 1099 nonnisi
1426 1071 1476 1099 ex
1516 1056 1644 1112 Apol.
1687 1055 1799 1099 Xen.

116 1135 324 1179 illustrari
356 1140 394 1178 et
429 1139 542 1177 recte
576 1133 767 1189 intellegi
803 1138 958 1189 potest.
993 1132 1132 1175 Credo
1165 1148 1255 1175 rem
1289 1132 1349 1175 ita
1381 1147 1427 1174 se
1466 1132 1642 1174 habere.
1677 1132 1800 1174 Plato

114 1211 242 1267 Apol.
276 1210 388 1254 Xen.
419 1235 469 1241 —
495 1209 606 1252 inter
631 1208 720 1252 alia
736 1209 900 1264 scripta
924 1230 971 1235 —
994 1207 1190 1264 perlegit,
1220 1212 1265 1249 ut
1294 1222 1376 1256 res,
1395 1222 1506 1263 quae
1527 1207 1580 1250 ad
1605 1206 1800 1250 Socratis

116 1285 262 1335 vitam,
297 1284 638 1342 philosophiam,
672 1283 806 1332 litem,
842 1288 1022 1326 mortem
1057 1282 1337 1339 pertinerent,
1371 1281 1454 1324 sibi
1481 1281 1522 1324 in
1544 1282 1798 1325 memoriam

113 1360 338 1417 redigeret.
387 1359 647 1416 Complures
695 1358 810 1402 enim
858 1359 944 1402 iam
987 1374 1130 1401 annos
1172 1356 1501 1413 praeterierant.
1544 1357 1802 1413 Complures

111 1451 252 1479 annos
302 1435 489 1479 fortasse
539 1434 727 1478 Athenis
774 1450 860 1477 non
903 1440 1010 1477 erat.
1056 1433 1101 1476 In
1150 1433 1468 1490 componendis
1514 1437 1661 1475 autem
1706 1432 1798 1475 suis

112 1509 285 1566 scriptis
318 1509 443 1553 Plato
477 1509 695 1566 Apologia
727 1508 1052 1565 Xenophontea
1085 1523 1191 1551 usus
1220 1511 1284 1550 est
1311 1507 1437 1564 quasi
1456 1508 1644 1563 quodam
1665 1507 1799 1551 fonte.

113 1584 221 1628 Cum
264 1589 410 1628 autem
455 1583 563 1627 haec
600 1584 651 1627 de
689 1583 836 1640 Anyto
870 1582 1091 1632 scriberet,
1129 1582 1172 1625 in
1202 1587 1391 1626 mentem
1426 1582 1463 1625 ei
1498 1582 1616 1625 venit
1649 1583 1798 1626 verbo-

95 1654 205 1703 'rum
254 1675 368 1717 quae
416 1660 533 1716 apud
581 1658 693 1702 Xen.
743 1659 907 1714 legerat
955 1673 1156 1715 quaeque
1197 1657 1372 1715 penitus
1413 1657 1451 1700 ei
1484 1657 1524 1700 in
1561 1663 1704 1701 mente
1736 1658 1797 1701 in-

112 1735 361 1780 haeserant.
410 1736 505 1787 Quo
553 1736 717 1779 factum
758 1741 823 1778 est
865 1740 912 1778 ut
953 1735 1152 1791 dispersa
1185 1734 1300 1791 apud
1333 1733 1563 1777 Platonem
1596 1733 1800 1789 leguntur

111 1827 223 1868 quae
256 1811 506 1868 Xenophon
542 1826 629 1854 una
662 1810 730 1853 vel
763 1810 935 1854 duabus
970 1809 1257 1866 paragraphis
1289 1809 1435 1852 tradit.

171 1961 367 2019 Vestigia
399 1961 529 2005 huius
561 1960 766 2018 colloquii
795 1961 911 2017 apud
940 1960 1178 2017 scriptores
1208 1958 1470 2016 posteriores
1499 1957 1795 2007 inveniuntur,

110 2051 222 2093 quae
264 2037 326 2080 vir
367 2038 521 2081 doctus
564 2037 616 2079 H.
650 2037 857 2079 DITTMAR
891 2036 932 2079 in
966 2036 1075 2079 libro
1108 2036 1176 2079 cui
1209 2035 1362 2078 titulus
1399 2035 1679 2089 „Aeschines
1706 2048 1796 2078 von

110 2112 355 2166 Sphettos'’
388 2112 611 2169 congessit
642 2128 703 2156 sc.

175 2190 213 2243 1)
244 2188 500 2232 Scholiasta
531 2187 573 2230 in
609 2187 720 2230 Plat.
754 2186 880 2243 Apol.
920 2186 1039 2229 1813.

167 2266 210 2318 2)
243 2263 456 2307 Libanius
491 2263 620 2320 Apol.
653 2262 775 2306 Socr.

168 2341 212 2395 3)
246 2339 431 2396 Epistol.
465 2338 586 2382 Socr.
620 2337 741 2381 XIV.

168 2415 211 2468 4)
245 2415 323 2458 Dio
355 2413 583 2470 Chrysost.
613 2412 685 2456 LV
720 2412 802 2455 sub
836 2412 982 2455 finem.

169 2489 262 2534 Etsi
304 2505 401 2533 raro
435 2505 461 2533 a
494 2488 808 2547 posterioribus
842 2488 1010 2545 integra
1043 2488 1168 2531 nobis
1201 2488 1433 2531 traduntur
1464 2501 1576 2543 quae
1609 2485 1650 2528 in
1684 2491 1792 2529 anti—

108 2564 336 2623 quissimis
363 2564 537 2621 scriptis
564 2565 839 2613 invenerunt,
867 2569 1012 2607 tamen
1044 2564 1125 2607 hac
1153 2563 1194 2605 in
1225 2578 1268 2605 re
1287 2562 1480 2619 plerique
1498 2561 1791 2605 consentiunt.

111 2641 257 2685 Unum
303 2640 468 2683 fontem
511 2655 615 2696 ergo
660 2640 738 2682 viri
781 2639 895 2683 docti
930 2639 1169 2695 postulant,
1204 2654 1257 2681 ex
1289 2654 1373 2695 quo
1406 2638 1514 2681 haec
1547 2637 1791 2681 narratiun-

109 2716 208 2760 cula
240 2716 507 2773 profluxerit.

174 2791 276 2834 Viro
323 2791 449 2833 docto
497 2790 780 2834 MAnKowsm
824 2791 895 2843 (de
936 2791 1137 2833 Libanio
1183 2790 1395 2834 Socratis
1440 2792 1616 2845 defens.
1650 2787 1789 2831 Bresl.

111 2866 215 2923 phil.
264 2866 377 2909 Abh.
428 2865 532 2908 Heft
577 2865 647 2911 40.
702 2867 811 2909 1910
859 2881 897 2921 p.
940 2867 1013 2917 38)
1056 2865 1273 2922 Apologia
1316 2865 1474 2922 Lysiae
1506 2869 1607 2908 ante
1640 2863 1789 2906 oculos

112 2946 323 2984 versatur.
360 2940 435 2983 Vir
467 2941 515 2984 cl.
552 2940 803 2984 SCHANzius
833 2941 921 2994 (1.1.
956 2956 995 2997 p.
1028 2942 1120 2994 91),
1154 2956 1284 2998 quem
1322 2940 1579 2984 Dittmarius
1612 2943 1789 2981 secutus
