2019 3299
914 232 994 278 177

256 358 506 416 opinionem
546 359 763 403 liberrime
802 358 994 416 protulit,
1032 358 1215 417 Equites
1248 358 1357 409 dico,
1394 358 1579 417 Vespas,
1614 357 1785 410 Pacem,

257 435 562 492 Lysistratam,
591 434 715 491 alias.
745 434 947 477 Libenter
964 433 1095 490 igitur
1112 434 1330 478 assentior
1348 434 1584 478 FRIDEmco
1604 435 1788 478 KAHLER

259 511 336 568 qui
367 511 474 554 haec
506 509 677 567 scripsit
702 509 752 558 ²):
791 509 1052 564 „Emanavit
1085 509 1228 565 igitur,
1262 515 1305 552 ut
1341 510 1591 553 comoediae
1632 510 1796 553 Aristo-

260 587 457 644 phaneae
504 590 568 629 est
616 584 831 642 propium,
881 600 902 628 e
950 584 1139 628 civitatis
1187 590 1304 627 statu
1354 600 1402 628 ac
1450 586 1720 642 temporibus
1754 591 1793 629 et

260 662 388 719 quasi
420 661 533 704 ultro
566 665 719 718 poetae
753 675 849 703 sese
883 659 1085 703 obtulit”.

304 737 418 797 ⁴Non
445 737 632 793 primum
660 751 774 779 nunc
800 735 861 779 rei
890 735 1090 792 publicae
1114 736 1340 780 sanandae
1358 735 1598 780 remedium
1616 736 1792 785 comice,

260 813 429 862 acerbe,
463 811 623 855 ironice
656 810 806 854 offert!

154 1074 216 1118 II.
250 1073 538 1118 Credibile
581 1080 664 1118 est
709 1074 999 1118 Platonem
1044 1073 1483 1118 Ecclesiazusas
1526 1073 1765 1130 legisse.

177 1248 228 1301 Α)
323 1247 583 1291 Rectissime
616 1247 903 1291 Leeuwenius
935 1246 1107 1304 scripsit
1129 1246 1178 1301 2);
1216 1247 1356 1302 „Fieri
1384 1246 1602 1305 quomodo
1630 1250 1800 1302 poterat

262 1328 309 1367 ut
340 1323 568 1366 Platonem
602 1322 643 1365 in
677 1322 845 1366 lubrica
872 1323 953 1366 hac
982 1322 1162 1366 materie
1194 1328 1442 1366 versantem
1471 1322 1669 1378 fugerent
1689 1336 1800 1378 quae

260 1399 311 1442 de
344 1399 498 1443 eodem
529 1404 787 1455 argumento
821 1399 990 1443 iocatus
1023 1405 1140 1443 esset
1172 1404 1301 1458 poeta
1328 1399 1601 1443 clarissimus
1629 1397 1798 1456 ipsique

260 1475 630 1532 acceptissimus?
663 1475 949 1519 Credimusne
981 1491 1081 1519 eum
1114 1480 1371 1525 scommata,
1401 1475 1562 1533 quibus
1590 1490 1635 1517 se
1666 1489 1799 1531 puero

264 1550 429 1595 infante
476 1550 682 1595 Socrates
727 1550 889 1608 petitus
936 1557 1067 1600 esset,
1116 1556 1318 1596 accurate
1361 1551 1569 1595 habuisse
1612 1548 1800 1606 cognita,

265 1627 500 1683 ignorasse*
523 1642 635 1684 quae
667 1631 760 1670 tum
793 1643 891 1670 cum
925 1628 1120 1677 florebat,
1155 1627 1196 1670 in
1233 1642 1364 1670 scena
1395 1630 1497 1670 sunt
1529 1625 1643 1670 dicta
1675 1625 1726 1668 de
1755 1640 1800 1668 re

265 1701 306 1745 in
341 1717 429 1760 qua
460 1702 552 1759 ipse
585 1707 704 1746 totus
738 1701 893 1746 erat‘?”

178 1776 229 1831 B)
321 1777 449 1834 Apud
477 1777 701 1834 Aristoph.
730 1777 982 1834 Praxagora
1009 1783 1049 1821 et
1076 1777 1292 1834 Blepyrus
1315 1776 1481 1821 similes
1500 1781 1645 1833 partes
1663 1780 1798 1833 agunt

172 1870 174 1873 ·
234 1857 238 1860 ’
266 1858 395 1910 atque
427 1853 542 1909 apud
574 1852 804 1896 Platonem
837 1852 1043 1896 Socrates
1075 1857 1118 1896 et
1150 1851 1334 1896 Glauco.

178 1927 227 1980 C)
324 1927 599 1971 Probabilem
630 1932 823 1971 nostram
851 1927 1114 1971 sententiam
1142 1928 1281 1971 reddit
1308 1927 1423 1985 quod
1449 1928 1588 1971 verba
1617 1929 1802 1970 similia

265 2003 382 2060 apud
411 2008 642 2060 utrumque
668 2003 872 2059 leguntur
899 2002 1036 2046 isdem
1066 2003 1379 2059 disputationis
1406 2002 1603 2058 partibus
1622 2007 1662 2045 et
1680 2001 1801 2045 locis.

326 2079 451 2136 Apud
483 2079 697 2122 comicum
731 2094 794 2122 vs.
827 2078 913 2122 578
946 2079 1104 2122 chorus
1137 2078 1432 2135 Praxagoram
1466 2077 1726 2121 adhortatur
1757 2082 1803 2120 ut

266 2154 380 2198 dicat
435 2170 548 2212 quae
594 2154 756 2198 sentiat
803 2154 922 2198 hisce
967 2153 1131 2197 verbis:
1179 2155 1276 2194 ἀλλὰ
1316 2153 1500 2208 πέραινε
1541 2155 1667 2205 μόνον
1708 2155 1802 2205 μήτε

190 2227 194 2230 ⁴
267 2230 529 2285 δεδραμένα
561 2230 649 2283 μήτ’
685 2231 872 2282 εἰρημένα
905 2232 1112 2282 πρότερον.

326 2304 535 2349 Similiter
575 2305 692 2363 apud
732 2305 960 2349 Platonem
1001 2304 1149 2360 incipit
1187 2304 1394 2348 Socrates
1427 2303 1562 2347 451C
1595 2305 1636 2345 τὸ
1668 2321 1804 2357 γυναι-

267 2386 375 2422 κεῖον
408 2382 563 2436 δρᾶμα
836 2381 1076 2435 περαίνειν.

325 2456 484 2500 Odium
539 2471 683 2499 rerum
730 2455 1035 2500 novandarum
1094 2460 1135 2498 et
1191 2454 1444 2511 Praxagora
1499 2461 1539 2498 et
1596 2454 1800 2498 Socrates

268 2537 483 2576 metuunt.

327 2639 442 2683 Eccl.
476 2641 584 2684 583:
1047 2641 1139 2687 τοὺς
1173 2638 1214 2679 δὲ
1244 2640 1406 2689 θεατάς,

355 2718 388 2756 εἰ
419 2721 667 2768 καινοτομεῖν
698 2717 961 2768 ἐθελήσουσιν
993 2716 1058 2754 καὶ
1090 2716 1143 2766 μὴ
1176 2719 1254 2762 τοῖς
1287 2714 1413 2766 ἠθάσι
1444 2715 1534 2753 λίαν

406 2797 423 2804 ιν
486 2790 495 2805 ἱ
543 2792 552 2806 9
641 2794 650 2807 Ι
741 2792 758 2831 ἐ
788 2793 809 2831 δ
909 2793 918 2806 1
1098 2797 1114 2804 .-
1136 2788 1144 2802 ἲ
1184 2790 1200 2803 91
1254 2788 1262 2801 Ὶ
1299 2788 1317 2803 <X
1394 2793 1403 2803 t
1583 2790 1590 2802 Ι

357 2808 437 2840 τοις
469 2809 486 2831 τ
533 2808 709 2844 αρχαιοις
761 2809 782 2831 v
813 2793 1019 2843 ιατριβειν,
1045 2806 1137 2830 τουτ
1180 2795 1255 2829 εσθ
1300 2805 1318 2829 ο
1351 2793 1517 2840 μαλιστα
1550 2791 1724 2830 δεδοικα.

163 2939 190 2982 ¹)
215 2938 268 2972 De
293 2937 410 2972 Arist.
434 2937 572 2972 Eccles.
596 2939 824 2985 tempore-et
847 2937 958 2972 choro
984 2935 1082 2970 Diss.
1108 2935 1200 2970 Kiel.
1227 2934 1322 2969 1889.
1349 2946 1433 2978 pag.
1461 2933 1512 2967 17.

167 3000 193 3041 ²)
217 2997 259 3033 In
286 2997 385 3032 Edit.
410 2996 549 3032 Eccles.
574 2998 714 3042 proleg.
738 2997 856 3032 le2.

190 3058 353 3093 Apologia
372 3057 629 3092 Xenophontea.
1665 3054 1699 3080 12
