2019 3299
1027 171 1104 214 182

1041 392 1092 435 V.

276 517 443 562 Iniuria
489 518 633 562 Conn'r
677 519 919 568 (Mnemos.
969 518 1006 561 II
1060 518 1184 568 1874,
1228 534 1269 576 p.
1301 518 1417 571 380),
1463 533 1592 575 quem
1635 517 1899 562 recentiores
1971 555 1983 572 λ,

217 598 460 650 sequuntur
501 593 569 642 (cf.
612 594 831 643 DlTTMAR,
877 595 1131 638 Aeschines
1172 608 1261 639 von
1298 594 1512 649 Sphettos
1548 594 1658 648 131),
1691 597 1823 649 negat
1854 593 1898 638 in

214 668 325 712 Plat.
357 669 546 729 *dialogo
592 670 662 714 cui
710 670 864 714 titulus
909 670 1163 714 Alcibiades
1196 670 1213 713 I
1253 685 1349 728 pag.
1385 671 1467 714 123
1486 670 1535 713 B.
1583 668 1823 727 significari
1855 673 1895 713 et

214 743 371 802 respici
409 760 537 802 posse
570 745 910 802 Xenophontem
940 747 1029 800 (ἐγὼ
1065 746 1220 799 ἤκουσα
1252 748 1399 799 ἀνδρὸς
1430 747 1662 795 ἀξιοπίστου
1694 753 1771 786 τῶν
1802 746 1900 786 ἀνοι-
1983 746 1988 749 ’

214 822 442 874 βεβηκότων
473 822 582 874 παρὰ
613 822 805 876 βασιλέα).

1021 973 1094 1017 VI.

275 1098 380 1142 Sine
427 1098 543 1142 iusta
587 1114 724 1143 causa
771 1115 809 1142 v.
853 1099 893 1142 d.
941 1099 1125 1143 KRAUSS
1174 1100 1351 1153 (Aesch.
1406 1099 1586 1143 Socrat.
1638 1099 1897 1154 Reliquiae,

215 1189 311 1231 pag.
343 1175 428 1227 39),
477 1174 723 1218 HIRZELIUM
752 1181 945 1225 secutus,
981 1175 1113 1219 verba
1145 1190 1258 1232 quae
1296 1174 1499 1231 leguntur
1530 1174 1646 1231 apud
1678 1173 1898 1217 Plutarch.
1975 1210 1979 1212 ,

214 1249 371 1300 Quom.
399 1249 516 1294 adul.
545 1250 614 1294 ab.
643 1265 728 1294 am.
755 1251 913 1294 intern.
944 1251 998 1295 69
1027 1249 1062 1294 Ε
1080 1250 1113 1293 F
1141 1265 1235 1307 cap.
1254 1250 1324 1300 29,
1352 1249 1405 1293 ad
1424 1249 1648 1304 dialogum
1665 1248 1900 1293 Aeschinis

218 1325 547 1381 „Alcibiadem”
579 1327 817 1370 revocavit.

1012 1478 1106 1522 VII.

272 1604 383 1648 Cum
416 1600 642 1648 nonnullis
674 1604 869 1662 antiquis
900 1603 972 1659 (cf.
1008 1603 1304 1648 Scholiastam
1331 1603 1386 1647 ad
1419 1603 1554 1646 Arist.
1590 1601 1708 1646 Nub.
1738 1617 1801 1645 vs.
1828 1600 1901 1656 96)
1960 1624 1965 1628 -
2002 1608 2005 1610 ’

212 1679 319 1722 mihi
352 1695 613 1736 persuasum
641 1684 706 1723 est
738 1679 1083 1736 Aristophanem
1117 1694 1206 1722 non
1240 1679 1294 1722 ob
1325 1676 1684 1722 malevolentiam
1718 1681 1761 1721 et
1791 1675 1901 1720 invi·
1977 1663 2007 1698 ’ξ

211 1755 342 1805 diam,
392 1771 533 1813 neque
581 1755 790 1813 peculiari
840 1755 881 1798 in
925 1754 1152 1799 Socratem
1186 1754 1284 1798 odio
1318 1754 1561 1801 incensum,
1595 1768 1737 1810 neque
1770 1751 1900 1802 serio,
1980 1750 2009 1805 ,²

211 1832 287 1875 sed
314 1832 454 1888 magis
482 1832 653 1875 iocandi
677 1847 811 1875 causa
840 1831 994 1875 Nubes
1018 1831 1216 1875 fabulam
1241 1830 1493 1887 scripsisse;
1523 1829 1724 1886 suspicor
1752 1832 1899 1872 autem

210 1907 442 1951 Platonem
507 1908 587 1951 hoc
633 1907 905 1951 intellexisse
953 1923 1138 1963 eamque
1185 1907 1240 1950 ob
1288 1921 1467 1950 causam
1517 1906 1612 1949 ioca
1652 1904 1730 1949 illa
1770 1904 1901 1962 plena

212 1982 471 2027 facetiarum
506 1983 547 2026 in
582 1983 748 2026 deliciis
779 1983 1005 2027 habuisse.

1008 2160 1124 2203 VIII.

272 2285 556 2329 BOLLANDIUS
604 2285 646 2328 in
694 2285 821 2334 libro,
868 2285 936 2328 eui
983 2285 1138 2328 titulus
1176 2286 1525 2342 „Vorlesunqen
1559 2285 1633 2330 ab.
1672 2286 1716 2328 d.
1747 2284 1898 2339 yesoh.

210 2364 293 2405 der
325 2360 535 2411 Philo-33?
562 2376 660 2418 pag.
694 2362 794 2410 336,
829 2362 883 2405 ad
917 2361 1052 2405 verba
1084 2361 1288 2405 HEGELH:
1327 2359 1518 2414 „Plato's
1546 2358 1796 2415 Erzahlung
1827 2357 1902 2402 der
1971 2391 1975 2394 -
2013 2362 2016 2367 '

211 2436 406 2479 schonen
454 2435 624 2479 Scenen
672 2436 817 2479 seiner
861 2437 931 2490 (z
962 2435 1206 2489 Sokrates')
1252 2436 1409 2479 letzten
1442 2434 1644 2479 Stunden
1677 2450 1713 2478 e.
1745 2449 1787 2491 q.
1819 2432 1898 2483 s.'',

211 2528 299 2556 non
350 2511 445 2555 sine
493 2528 629 2556 causa
675 2513 876 2556 adnotat:
929 2512 1036 2567 „Die
1083 2512 1173 2556 rein
1222 2527 1302 2556 aus
1350 2512 1447 2555 dem
1497 2512 1667 2555 Daume
1709 2524 1897 2567 gesogen

212 2587 306 2632 sein
341 2587 561 2632 durften.'’

1021 2738 1097 2781 IX.

274 2863 451 2907 Terent.
485 2864 661 2907 Phorm.
697 2864 806 2908 852:
844 2863 1131 2920 „congredere
1164 2863 1405 2907 actutum”.

281 2940 402 2984 Haec
441 2940 574 2984 verba
607 2956 691 2984 non
726 2940 878 2991 Getae,
912 2940 987 2984 sed
1020 2939 1264 2997 Antiphoni
1296 2939 1531 2983 tribuenda
1563 2943 1680 2982 sunt.
