2019 3299
931 185 979 227 71

178 308 304 363 Apud
353 307 691 362 Xenophontem
734 306 939 349 Socrates
986 307 1370 363 imparatissinius,
1414 308 1508 351 sine
1556 309 1644 352 ulla
1687 326 1797 352 coin-

122 382 401 430 mentatione,
436 387 643 437 tanquam
673 381 739 424 leo
768 381 998 424 lacessitus
1024 382 1163 437 ‘surgit
1193 387 1232 425 et
1251 386 1414 426 omnia
1444 387 1799 429 causidicorum

118 459 324 512 artificia
354 470 596 510 spernens,
630 471 680 498 ex
713 456 847 498 animi
866 457 1087 499 sententia
1109 473 1236 500 suam
1257 458 1306 500 de
1327 458 1420 500 suis
1440 458 1566 501 factis
1585 459 1797 516 dictisque

118 531 366 587 opinionem
413 530 631 573 liberrime
678 535 719 573 et
766 531 958 587 superbe.
999 531 1113 574 dicit.
1164 532 1368 575 Socrates
1414 533 1663 576 Platonicus
1712 550 1796 577 non

118 606 353 649 meditatus
395 616 462 648 est
503 608 730 661 quomodo
772 607 955 657 diceret,
998 621 1098 648 reus
1143 606 1323 661 ignarus
1362 612 1403 649 et
1436 607 1602 650 inscius
1635 623 1796 652 causae

117 680 320 723 dictionis
353 685 392 722 et
436 680 608 735 generis
652 680 821 723 dicendi
865 680 1081 724 iudicialis
1123 682 1305 733 (ἀτεχνῶς
1349 679 1421 721 οὖα
1461 686 1580 731 ς’ένως
1615 686 1686 735 ἔχω
1724 693 1794 736 τῆς

117 759 263 797 ἐνθάδέ
293 759 428 805 λέξεως
466 756 515 798 17
536 755 610 809 Ε);
644 759 759 811 quid
789 759 960 800 diceret
992 756 1178 799 fortasse
1207 761 1338 800 antea
1365 763 1686 802 commentatus
1720 764 1797 802 est.

121 831 214 874 Hoc
230 831 344 874 enim
363 846 461 874 eum
479 845 573 874 non
587 835 756 886 secisse
772 831 944 874 disertis
966 832 1107 874 verbis
1125 847 1219 876 non
1236 835 1405 888 leyitur
1422 834 1536 889 apud
1556 834 1797 877 Platonem.

117 906 271 962 Neque
303 911 448 949 tamen
483 911 635 949 contra
666 921 715 948 ex
750 906 838 949 ullo
874 907 1005 949 verbo
1039 907 1148 950 effici
1178 912 1332 963 potest,
1362 913 1600 964 antequam
1628 908 1671 952 in
1690 909 1797 951 iudi·

116 981 229 1024 cium
277 981 457 1027 veniret.
506 997 604 1024 eum
647 981 748 1036 quid
797 982 956 1024 diceret
1003 997 1150 1025 secum
1199 983 1487 1038 reputavisse.
1540 984 1632 1027 Hoc
1680 985 1795 1040 apud

116 1057 342 1100 Platonem
377 1072 462 1098 non
496 1056 645 1112 liquet.
679 1056 804 1106 Quod
836 1057 971 1113 liquet
1005 1058 1085 1100 1100
1117 1064 1203 1101 est:
1241 1059 1373 1101 verba
1405 1074 1431 1102 a
1465 1059 1591 1102 nobis
1618 1059 1799 1103 laudata

114 1132 184 1185 (17
243 1131 387 1184 B—C)
434 1137 474 1174 et
527 1132 632 1175 17D
680 1132 797 1174 omni
839 1132 922 1175 fide
962 1148 1124 1175 carere.
1169 1133 1284 1177 Tota
1321 1133 1539 1189 Apologia
1573 1134 1794 1177 Platonica

115 1207 213 1249 hnic
255 1206 527 1249 simulationi
575 1212 801 1263 repugnat.
844 1207 920 1250 Est
959 1207 1074 1251 enim
1117 1208 1480 1252 artificiosissime
1513 1214 1552 1251 et
1585 1209 1797 1253 membra-

112 1282 189 1325 tim
231 1286 420 1325 tractata
462 1286 503 1324 et
541 1297 715 1326 sumnia
756 1298 852 1325 011111
897 1298 1001 1326 cura
1043 1289 1337 1328 commentata
1370 1284 1509 1327 oratio
1528 1284 1568 1337 ¹).
1602 1285 1799 1328 Artifwia

114 1373 286 1414 quoque
329 1357 652 1419 causidicorum
696 1358 866 1401 Socrati
901 1358 1126 1402 Platonico
1160 1359 1310 1415 ignota
1342 1376 1428 1402 non
1463 1365 1562 1403 sunt
1583 1360 1636 1413 2)!
1671 1361 1798 1417 Apol.

112 1433 224 1476 34A
266 1447 371 1475 SUOS
413 1437 549 1476 testes
588 1433 843 1476 adversario
891 1434 1039 1476 offert:
1090 1438 1152 1473 καὶ
1201 1435 1344 1483 ἄλλους
1392 1439 1562 1483 πολλοὺς
1611 1437 1683 1489 ἐγὼ
1725 1439 1796 1487 ἔχω

113 1510 206 1560 ὑμῖν
236 1511 373 1561 εἰπεῖν,
405 1505 460 1548 ὧν
492 1510 580 1548 τινὰ
612 1511 728 1561 ἐχρῆν
760 1511 924 1560 μάλιστα
957 1510 1027 1560 μὲν
1061 1511 1102 1549 ἐν
1134 1519 1184 1564 τῷ
1217 1511 1360 1550 ἑαυτοῦ
1392 1512 1493 1565 λόγῳ
1521 1512 1797 1562 παρασχέσθαι

115 1584 301 1636 Μέλητον
342 1586 532 1636 μάρτυροι·
575 1586 610 1624 εἰ
650 1584 693 1624 δὲ
725 1587 807 1625 τότε
839 1585 1066 1635 ἐπελάθετο,
1095 1593 1169 1625 νῦν
1210 1588 1491 1638 παρασχέσθω,
1517 1588 1611 1639 ἐγὼ
1643 1604 1795 1637 παρα-

112 1670 274 1712 χωρῶ,
304 1661 370 1700 καὶ
401 1661 552 1712 λεγέτω,
583 1661 622 1700 εἴ
646 1678 679 1699 τι
712 1662 787 1713 ἔχει
820 1668 1000 1701 τοιοῦτον
1032 1661 1121 1714 (ubi
1158 1661 1242 1704 vid.
1271 1660 1447 1704 SCHANZ
1480 1661 1553 1718 qui
1587 1662 1629 1704 in
1663 1662 1794 1705 adno-

112 1734 276 1777 tatione
321 1734 557 1777 nonnullos
598 1734 718 1777 locos
757 1751 1010 1779 comumnes
1043 1752 1094 1779 ex
1126 1736 1374 1780 oratoribus
1406 1736 1656 1792 congessit).
1698 1737 1797 1793 [psa

110 1810 186 1852 illa
216 1810 256 1852 in
291 1809 414 1852 initio
449 1810 689 1866 Apologiae
708 1811 898 1866 captatio
918 1812 1248 1855 benevolentiae
1267 1812 1545 1856 decantatum
1565 1812 1794 1856 artificium

109 1889 187 1928 est.
232 1884 399 1935 Quodsi
431 1886 530 1941 quis
562 1886 643 1928 hac
675 1886 726 1928 de
760 1902 802 1928 re
836 1886 960 1942 plura
992 1887 1121 1931 etiam
1155 1903 1418 1943 cognoscere
1452 1888 1556 1937 vult,
1591 1887 1795 1943 inspiciat

158 2048 180 2088 ¹)
212 2046 292 2081 Vid.
317 2047 476 2081 SCHANZ.
504 2046 567 2080 Ed.
594 2047 804 2091 Apologiae
817 2047 872 2081 67.
893 2048 956 2082 11111
973 2061 1081 2088 ,suam
1104 2048 1390 2095 dispositionem
1406 2049 1615 2093 Apologiae
1631 2049 1796 2088 exhibet,

111 2109 268 2141 aliorum
294 2108 570 2140 commemorat.

154 2168 179 2210 2)
208 2167 343 2201 Omnia
369 2178 467 2200 1111110
492 2179 707 2201 enumerare
732 2179 827 2210 quae
853 2167 959 2202 Plato
985 2169 1020 2202 in
1043 2169 1232 2212 Apologia
1256 2181 1338 2203 cum
1364 2167 1568 2203 causidicis
1582 2169 1793 2203 communia

112 2228 225 2262 habet
252 2248 294 2251 —
322 2227 469 2271 Lysiam
495 2229 586 2270 puta
610 2246 651 2250 —-
676 2239 796 2270 neque
822 2229 1074 2263 necessarium
1101 2241 1222 2272 neque
1248 2242 1366 2263 meum
1393 2231 1499 2264 duco.
1523 2229 1667 2264 Paucos
1691 2230 1793 2264 locos

111 2291 234 2322 tamen
259 2287 434 2322 indicabo
462 2287 550 2329 (vid.
577 2287 723 2321 SonANz
747 2288 866 2330 adn.):
892 2289 1002 2332 Apol.
1026 2289 1070 2323 30
1086 2288 1113 2322 Β
1139 2293 1208 2321 ovd*
1237 2296 1263 2322 εἰ
1285 2294 1381 2328 μέλω
1406 2296 1550 2327 πολλάκις
1575 2291 1791 2327 marcianes.

114 2347 184 2391 Lys
222 2348 272 2386 12,
294 2347 337 2381 37
364 2352 432 2380 οὐδὲ

155 2408 265 2451 Apol.
290 2408 334 2441 32
359 2409 391 2442 A
416 2414 450 2440 οὐ
474 2412 593 2447 λόγους,
617 2411 678 2439 ἀλλ’
706 2410 720 2440 ὃ
749 2412 830 2448 ὑμεῖς
855 2417 970 2448 τιμᾶτε,
995 2415 1076 2452 ἔργα.

569 2351 613 2384 δὶς
635 2354 849 2385 ἀποθανόντες
873 2352 960 2389 δίκην
984 2353 1090 2382 δοῦναι
1119 2354 1252 2382 Ουίἀινί
1280 2353 1325 2382 ἄν.

156 2469 200 2501 Cf.
235 2468 319 2512 LyS.
356 2469 387 2502 1.
419 2468 459 2502 21
498 2473 554 2508 ἐγὼ
588 2472 646 2511 γὰρ
683 2472 769 2500 οὐδὲν
803 2472 911 2508 δέομαι
946 2474 1052 2509 λόγων,
1088 2474 1163 2501 ἀλλὰ
1200 2473 1231 2501 τὸ
1256 2474 1344 2513 ἔργον
1368 2473 1502 2513 φανερὸν
1526 2473 1682 2510 γενέσθαι,
1707 2476 1790 2514 εἰπερ

112 2533 204 2565 οὕτως
228 2535 300 2570 ἔχει.

154 2589 266 2632 Apol.
286 2589 330 2623 32
346 2589 384 2623 Ε.
411 2592 500 2626 ἁξιως
523 2593 634 2632 ἀνδρὸς
656 2594 782 2629 ἀγαθοῦ
806 2596 962 2632 ἐρόήθουν
986 2600 1047 2627 τοῖς
1071 2594 1207 2623 δικαίοις.

154 2649 197 2683 Cf.
225 2649 309 2693 LyS.
334 2649 389 2683 22.
412 2649 434 2682 3
477 2658 536 2686 τοῖς
562 2652 665 2688 νόμοις
688 2658 750 2686 τοῖς
773 2653 919 2688 κειμένοις
943 2656 1106 2692 ἐβοήθουν.

156 2710 265 2752 Apol.
299 2709 342 2743 ‘25
355 2709 402 2743 D:
440 2715 608 2752 ἀποκρίνου
642 2711 664 2741 ὦ
699 2713 810 2749 ἀγαθὲι
847 2715 894 2742 καὶ
919 2715 975 2753 γὰρ
1002 2715 1016 2742 ὁ
1041 2716 1131 2749 νόμος
1156 2717 1265 2743 κελεύει
1291 2716 1532 2755 ἀποκρίνεσθαι.
1558 2711 1666 2746 Talia
1689 2712 1788 2755 apud

112 2769 195 2812 Lys.
232 2769 284 2803 22.
320 2770 351 2807 5:
381 2769 430 2807 12,
456 2770 509 2803 ⁰25.
537 2770 599 2804 ubi
625 2769 868 2804 FROHBERGER
894 2771 930 2804 in
956 2771 1121 2805 editione
1147 2772 1322 2806 adnotat:
1350 2772 1537 2807 Deinarch
1564 2771 1603 2814 (Ι,
1627 2772 1685 2813 83)
1713 2772 1787 2805 und

111 2829 332 2864 Andokides
368 2830 408 2872 (1.
446 2830 520 2871 101)
559 2833 743 2865 benutzen
779 2831 908 2865 diesen
945 2831 1086 2865 Brauch
1112 2832 1334 2872 rhetoriseh,
1358 2833 1434 2867 und
1459 2832 1638 2867 Sokrates
1664 2832 1701 2866 in
1725 2831 1790 2866 der

109 2880 372 2932 platonischen
408 2890 591 2933 Apologie
627 2890 684 2933 (24
723 2890 803 2933 fo.)
841 2891 965 2925 ma‹·ht
988 2891 1124 2926 daraus
1149 2892 1258 2927 einen
1285 2893 1524 2937 formlichen
1550 2893 1697 2936 Dialoy
1723 2893 1789 2927 mit

113 2949 286 2985 Meletos.
