2019 3299
795 814 990 858 CAPUT
1025 814 1113 857 IV„

716 992 811 1045 DE
852 991 1199 1046 PLATONE.

193 1220 217 1267 ξ
249 1223 281 1257 1.
340 1221 403 1256 DE
432 1220 658 1257 RATIONE
686 1220 823 1266 QUAE
852 1220 1163 1258 INTERCEDlT
1192 1221 1351 1257 INTER
1379 1222 1683 1259 APOLOGIAM

389 1303 760 1344 XENOPHONTIS
792 1306 856 1342 ET
884 1306 1188 1343 APOLOGIAM
1216 1307 1473 1344 PLATONIS

156 1457 204 1500 In
247 1456 389 1514 capite
432 1456 657 1514 superiore
699 1456 937 1513 separatim
979 1456 1140 1513 singuli
1182 1457 1267 1501 loci
1308 1457 1561 1502 consimiles
1603 1459 1776 1504 tractati

98 1537 223 1582 sunt;
271 1547 387 1575 nunc
432 1532 575 1575 fusius
621 1532 663 1575 in
711 1532 967 1575 universum
1015 1532 1330 1588 disputandum
1379 1538 1444 1576 est
1492 1534 1543 1577 de
1591 1539 1776 1592 utraque

97 1607 316 1664 Apologia
355 1612 397 1651 et
437 1606 745 1665 inquirendum
792 1607 893 1664 quid
931 1623 1091 1652 causae
1138 1607 1268 1651 fuerit
1314 1608 1429 1666 quod
1475 1609 1582 1653 haec
1614 1609 1778 1654 similia

98 1687 139 1726 et
185 1682 418 1726 dissimilia
463 1683 688 1726 haberent.
730 1682 966 1733 Quaeritur
1005 1683 1137 1739 igitur
1169 1684 1390 1741 quomodo
1422 1683 1776 1741 interpretandae

95 1757 182 1801 sint
223 1758 306 1801 hae
348 1757 672 1801 similitudines.
715 1758 810 1801 Viri
852 1758 964 1801 docti
1006 1758 1294 1809 dissentiunt;
1337 1759 1435 1803 aliis
1468 1759 1557 1803 alia
1588 1760 1774 1817 placent.

95 1832 332 1877 Commode
363 1837 509 1877 autem
543 1833 649 1876 mihi
683 1832 885 1876 videntur
916 1832 1051 1877 dividi
1086 1849 1216 1891 posse
1249 1833 1291 1877 in
1325 1838 1414 1878 tres
1446 1839 1607 1891 partes.

149 1986 203 2029 A.
250 1984 533 2028 Infestissimi
579 1989 682 2028 sunt
730 1984 767 2027 ei
815 1984 888 2042 qui
935 1986 1204 2029 contendunt
1246 1986 1443 2030 libellum
1488 1991 1686 2030 nostrum
1719 2003 1772 2031 ne

93 2059 378 2116 Xenophonti
422 2060 598 2119 quidem
639 2060 807 2110 deberi;
842 2077 1028 2118 quorum
1062 2077 1219 2118 agmen
1252 2062 1409 2105 ducere
1441 2062 1615 2106 videtur
1648 2079 1688 2106 v.
1722 2063 1774 2106 cl.

95 2151 134 2178 v.
177 2135 489 2179 WrLAMowsz
529 2136 588 2179 1.]Δ
633 2136 856 2179 Acerrime
899 2152 1073 2185 Quoque
1104 2137 1182 2181 Fn.
1216 2137 1478 2181 BEYsoHLAG
1510 2138 1772 2194 Apologiam

90 2210 397 2268 Xenophontis
443 2227 678 2268 aggressus
725 2216 789 2255 est
822 2207 910 2255 l.'l.
966 2212 1022 2255 Hi
1057 2212 1137 2255 viri
1188 2212 1313 2263 docti,
1357 2229 1542 2270 quorum
1575 2213 1773 2263 crimina,

89 2287 248 2345 quibus
280 2286 582 2330 inimicissime
615 2291 935 2344 persequuntur
965 2288 1172 2344 scriptum
1206 2287 1531 2345 Xenophontis,
1560 2287 1604 2331 in
1633 2288 1772 2345 capite

90 2362 365 2419 praecedenti
413 2362 482 2405 hic
528 2366 659 2419 atque
707 2362 792 2405 illic
840 2362 1143 2412 refutavimus,
1192 2363 1421 2420 perhibent
1472 2364 1770 2408 tenebrionem

87 2437 307 2495 quendam
354 2436 498 2494 quarti
547 2437 614 2480 vel
663 2437 777 2480 tertii
826 2438 914 2491 (vel
962 2438 1160 2492 secundi)
1208 2438 1374 2482 saeculi
1417 2443 1518 2482 ante
1548 2439 1771 2483 Christum

87 2516 238 2555 natum
277 2511 464 2569 primum
499 2511 735 2555 nonnullos
763 2512 962 2569 dialogos
994 2513 1194 2556 Platonis
1227 2513 1446 2569 expilasse
1478 2514 1773 2572 (Apologiam,

84 2586 379 2635 Phaedonem,
423 2586 672 2637 Menonem,
719 2587 957 2638 Critonem,
1000 2588 1111 2632 alios
1154 2588 1291 2645 puta),
1321 2589 1476 2633 deinde
1514 2589 1596 2633 hoc
1627 2590 1771 2634 misel-

83 2661 172 2705 lum
214 2661 475 2718 opusculum
517 2662 872 2706 consarcinatum
915 2678 1012 2706 esse
1045 2665 1100 2707 ab
1134 2671 1199 2706 eo.
1234 2664 1372 2720 Igitur
1413 2679 1472 2709 eoo
1502 2667 1773 2709 imitatione

82 2736 243 2780 similia
275 2741 378 2780 nata
410 2742 525 2786 sunt,
562 2741 606 2780 ut
638 2753 789 2781 eorum
823 2737 970 2794 opinio
1002 2737 1099 2788 fert,
1133 2743 1175 2781 et
1202 2738 1253 2787 is,
1284 2739 1357 2796 qui
1377 2739 1490 2783 hano
1506 2740 1768 2797 Apologiam

81 2811 270 2867 scripsit,
303 2810 545 2868 plagiarius
578 2817 670 2855 erat
703 2812 1010 2870 undecumque
1044 2812 1270 2856 materiem
1303 2814 1552 2858 corradens.

138 2886 316 2930 Praeter
347 2901 411 2935 ea,
445 2901 559 2944 quae
591 2886 633 2929 in
670 2888 888 2942 prioribus
921 2887 1140 2943 capitibus
1165 2903 1191 2931 a
1220 2888 1348 2931 nobis
1366 2888 1601 2933 dictasunt
1619 2882 1771 2932 contra

79 2960 375 3009 adversarios,
409 2960 518 3004 haec
550 2961 832 3005 observanda
864 2961 932 3004 vel
965 2962 1107 3005 denuo
1139 2963 1377 3019 repetenda
1412 2962 1637 3007 videntur:
