2019 3299
992 157 1074 199 110

174 298 407 342 'ambitiosi
456 296 573 340 mala
617 296 781 351 gloriae
828 296 1064 353 cupiditate
1111 297 1293 353 correpti
1350 296 1701 353 appetentissimi
1747 302 1870 340 erant

184 374 278 418 eius
324 371 656 417 consuetudinis
702 377 742 414 et
790 387 840 414 eo
887 371 1014 429 quasi
1062 372 1252 429 quodam
1296 372 1512 416 malarum
1545 371 1704 415 artium
1738 376 1869 429 atque

184 465 414 506 perversae
447 446 700 504 disputandi
733 447 1003 490 dexteritatis
1036 451 1270 503 magistro
1302 447 1599 491 abutebantur
1619 446 1662 500 ¹).

244 525 374 568 Mem.
406 524 436 566 I.
470 524 511 566 2.
549 524 598 566 16
631 524 681 572 ὡς
714 525 786 576 γὰρ
807 526 964 576 τάχιστα
983 526 1177 575 κρείττονε
1196 533 1272 564 τῶν
1290 525 1612 577 συγγιγνομένων
1629 523 1869 576 ἡγησάσθην

183 600 297 651 εἶναι,
335 601 461 647 εὐθὺς
503 599 812 650 ἀποπηδήσαντε
850 600 1091 651 Σωκράτους
1134 599 1370 651 ἐπραττέτην
1407 601 1454 638 τὰ
1481 600 1675 649 πολιτικά,
1706 594 1868 650 ὧνπερ

184 676 336 716 ἕνεκα
378 678 691 726 Σωκράτους
724 675 1055 728 ὠρεχθήτην.

242 751 447 794 Socrates
480 751 522 793 in
551 766 701 794 eorum
731 766 911 794 numero
935 751 1121 794 habetur
1146 750 1220 806 qui
1249 751 1402 794 docere
1417 753 1652 804 (διδάσκειν)
1668 750 1872 794 dicuntur

185 826 315 870 Mem.
364 827 395 869 I.
428 827 467 869 2.
516 827 590 876 17;
635 827 667 869 I.
710 828 751 869 2.
794 827 862 875 31,
908 827 987 875 49;
1028 827 1058 870 l.
1095 828 1133 870 6.
1173 827 1248 876 14;
1285 827 1345 870 Ill
1380 827 1418 870 7.
1452 828 1492 876 5,
1527 827 1567 870 6.
1603 829 1799 867 Παιδείαν
1832 825 1869 869 ei

183 903 453 959 propositam
487 902 626 946 fuisse
658 907 840 959 apparet
873 918 924 945 ex
959 903 1087 946 Mem.
1108 902 1182 945 IV.
1220 904 1256 945 1.
1290 905 1331 946 5.
1364 905 1455 951 τοὺς
1488 904 1720 954 νομίζοντας
1751 901 1872 943 οὐδὲν

182 981 446 1030 προσδεῖσθαι
477 981 661 1026 παιδείας
692 984 823 1018 κ.τ.λ.
857 977 987 1021 Mem.
1024 977 1097 1021 ΙΙΙ.
1131 979 1171 1021 8.
1205 980 1232 1021 8
1264 981 1472 1019 παιδεύειν
1505 976 1623 1031 ἔμοιγ’
1659 977 1796 1018 ἐδόκει.

243 1052 372 1096 Mem.
403 1052 476 1095 IV.
510 1053 549 1096 2.
584 1054 624 1096 2.
655 1052 857 1109 primum,
888 1054 1069 1109 incitare
1102 1053 1283 1109 cupiens
1316 1053 1660 1110 Euthydemum‚
1693 1051 1873 1109 puerilis

184 1133 315 1186 atque
363 1128 574 1184 simplicis
622 1129 758 1172 animi
807 1145 904 1172 esse
952 1129 1008 1172 ait
1059 1128 1154 1172 sine
1202 1128 1426 1185 magistris
1468 1128 1521 1172 ad
1553 1127 1871 1184 rempublicam

183 1204 387 1247 accedere
437 1203 549 1246 velle
589 1204 752 1256 (εὔηθες

184 1280 276 1336 ipse
323 1280 418 1323 eius
466 1279 679 1335 magistri,
726 1295 813 1337 quo
861 1294 972 1335 opus
1016 1284 1083 1322 est
1116 1279 1409 1336 Euthydemo,
1444 1283 1589 1336 partes
1622 1278 1711 1335 agit
1742 1283 1872 1335 atque

1025 1204 1121 1245 ἄνευ
1154 1203 1435 1257 διδασκάλων),
1468 1207 1690 1260 postremo
1723 1207 1869 1246 autem

185 1355 279 1410 (IV.
314 1356 353 1398 Ξ.
387 1356 459 1408 40)
505 1355 756 1396 ἁπλούστατα
803 1356 868 1395 καὶ
916 1356 1140 1406 σαφέστατα
1184 1357 1356 1410 ἐξηγεῖτο
1388 1356 1413 1394 ἅ
1444 1371 1482 1395 τε
1514 1356 1692 1407 ἐνόμιζεν
1725 1356 1873 1394 εἰδέναι

182 1436 265 1473 δεῖν
296 1433 362 1472 καὶ
393 1433 642 1484 ἐπιτηδεύειν
673 1434 859 1483 κράτιστα
893 1431 1008 1474 εἶναι.

241 1507 422 1551 Fabella
453 1523 627 1565 quoque
660 1507 736 1552 illa
769 1509 819 1552 de
853 1508 1035 1552 Socrate
1069 1508 1177 1551 nihil
1211 1508 1374 1551 sciente
1406 1512 1520 1551 recte
1545 1506 1873 1564 interpretanda

183 1589 247 1627 est
294 1599 435 1641 neque
483 1584 524 1626 in
576 1584 790 1628 vocabulo
839 1585 1125 1628 haerendum.
1172 1583 1444 1629 Sententiae,
1493 1582 1647 1640 quales
1684 1581 1870 1626 Theaet.

187 1660 269 1704 150
286 1659 331 1702 C.
361 1659 522 1713 (ἄγονός
563 1662 640 1711 εἰμι
682 1660 842 1714 σοφίας)
883 1665 1013 1717 atque
1045 1660 1150 1704 alibi
1181 1660 1402 1716 leguntur,
1436 1659 1592 1716 plenae
1624 1657 1871 1701 dissimula·

180 1736 314 1779 tionis
366 1740 482 1783 sunt,
531 1735 804 1792 nimiumque
850 1752 875 1779 a
908 1736 1091 1779 Platone
1125 1739 1397 1793 premuntur.
1432 1734 1517 1785 Qui
1550 1749 1722 1788 semper
1754 1733 1868 1777 idem

185 1812 335 1855 eadem
366 1812 417 1855 de
449 1829 494 1856 re
527 1813 642 1862 dicit,
676 1827 761 1856 non
794 1818 937 1870 potest
966 1829 1052 1856 non
1082 1813 1244 1857 habere
1263 1812 1525 1870 sapientiam
1556 1811 1624 1855 vel
1641 1810 1869 1854 scientiam

182 1888 426 1944 quandam;
455 1888 528 1945 qui
555 1894 672 1932 certa
705 1889 891 1938 ratione,
920 1894 1170 1933 ascetarum
1199 1889 1241 1932 in
1276 1889 1470 1937 modum,
1505 1887 1640 1931 vitam
1665 1884 1869 1934 instituit,

183 1963 344 2020 placita
386 1964 603 2008 nonnulla
635 1964 838 2008 habuerit
865 1980 1044 2008 necesse
1064 1970 1142 2008 est.
1164 1964 1419 2008 Docti-inam
1438 1963 1569 2020 igitur
1586 1962 1810 2020 quandam
1829 1961 1870 2005 in

183 2040 365 2083 Socrate
398 2040 536 2083 fuisse
569 2056 644 2097 per
676 2056 723 2084 se
755 2041 1014 2097 intelligitur
1041 2046 1080 2084 et
1115 2041 1370 2084 Aristotelis
1398 2039 1545 2083 verbis
1573 2038 1870 2092 confirmatur,

184 2115 319 2158 Arist.
364 2115 465 2159 Met.
507 2115 564 2159 M.
604 2115 631 2158 4
678 2119 750 2157 δύο
783 2119 857 2170 γάρ
890 2118 994 2157 ἐστιν
1026 2118 1050 2156 ἅ
1082 2134 1137 2165 τις
1171 2116 1221 2156 διν
1254 2117 1427 2167 ἀποδοίη
1459 2117 1664 2167 Σωκράτει
1696 2115 1872 2163 δικαίως,

182 2193 273 2239 τούς
304 2190 331 2230 τ’
366 2192 602 2239 ἐπακτικοὺς
634 2193 776 2244 λόγους
808 2192 875 2232 καὶ
904 2193 945 2232 τὸ
979 2192 1184 2243 ὁρίζεσθαι
1215 2192 1410 2231 καθόλου.

242 2266 415 2309 Etenim
445 2271 519 2310 aut
553 2266 661 2309 nihil
694 2266 737 2309 in
772 2266 863 2310 vita
895 2282 976 2310 sua
1008 2266 1215 2311 Socrates
1232 2266 1318 2322 egit
1335 2271 1410 2309 aut
1429 2265 1573 2309 effecit
1591 2269 1635 2308 ut
1654 2263 1869 2313 homines,

184 2342 399 2399 imprimis
426 2342 568 2392 amici,
596 2342 793 2386 animum
823 2343 1085 2393 excolerent,
1112 2343 1260 2386 virtuti
1288 2343 1528 2387 studerent.
1548 2342 1671 2386 Haec
1688 2341 1782 2385 eius
1800 2356 1872 2385 ars

185 2424 291 2465 erat,
319 2422 363 2460 ut
383 2418 596 2468 homines,
616 2423 835 2476 quatenus
854 2419 1057 2462 homines
1076 2424 1211 2468 erant,
1232 2424 1269 2462 et
1290 2424 1509 2476 quatenus
1527 2417 1716 2461 artifices
1735 2420 1872 2465 erant,

183 2493 276 2536 eius
303 2494 620 2537 consuetudine
649 2494 850 2538 meliores
881 2494 1046 2538 fierent.
1072 2494 1251 2537 Initium
1280 2509 1453 2550 semper
1478 2493 1610 2536 fiebat
1638 2492 1735 2535 inde
1764 2496 1809 2534 ut
1827 2490 1870 2534 in

184 2584 334 2612 eorum
363 2585 519 2617 mores,
550 2570 666 2613 vitae
693 2571 923 2625 rationem⁷
950 2574 1067 2614 facta
1096 2570 1325 2626 diligenter
1342 2575 1382 2612 et
1401 2573 1603 2613 accurate
1622 2567 1872 2625 inquireret,

183 2643 468 2701 inquisitione
500 2650 645 2688 autem
676 2646 806 2694 facta,
825 2662 902 2689 eos
921 2645 1118 2690 incitaret
1138 2651 1178 2688 et
1196 2645 1445 2688 stimularet
1465 2649 1510 2688 ut
1528 2659 1634 2687 suae
1653 2642 1737 2686 sibi
1761 2642 1875 2686 vitae

186 2719 398 2763 rationem
430 2721 655 2764 redderent
684 2722 808 2775 (plat.
845 2722 1013 2765 Laches
1039 2722 1146 2773 188),
1166 2721 1361 2764 animum
1383 2720 1627 2764 excolerent
1645 2719 1743 2775 (Ap.
1762 2718 1874 2761 Plat.

231 2880 254 2917 ¹)
282 2878 382 2913 Haec
415 2878 622 2912 dexteritas
659 2880 771 2921 atque
809 2879 846 2912 in
880 2877 1104 2912 disserendo
1146 2877 1311 2911 versutia
1350 2875 1600 2920 Aristophani
1634 2875 1670 2909 in
1707 2872 1870 2907 Nubium

184 2944 276 2978 ἀγῶνι
301 2938 559 2982 componendo
583 2951 714 2972 ansam
740 2938 962 2982 praebuisse
989 2937 1145 2972 videtur.
