2019 3299
1031 163 1085 206 72

195 286 670 333 'dissertatiunculam·
697 286 909 329 ARTHUm
961 286 1195 330 LAUmENn
1241 286 1385 339 (Neue
1433 286 1584 330 Jahrb.
1634 286 1661 328 f.
1689 287 1727 329 d.
1764 287 1900 332 klass.

217 362 305 405 Alt.
350 378 390 405 u.
425 362 451 404 f.
487 362 617 405 Paed.
669 361 793 405 1914.
839 361 1048 405 XXXIV.
1091 378 1187 418 pag.
1228 363 1337 414 180.)
1369 362 1442 418 qui
1470 362 1800 410 demonstravit,
1839 362 1902 405 vel

216 438 516 480 demonstrare
563 441 749 480 conatus
796 442 877 485 est,
927 438 1144 493 permulta
1192 437 1419 480 Platonem
1466 437 1507 479 in
1556 437 1773 493 Apologia
1804 452 1901 480 cum

217 511 375 568 Lysiae
406 511 603 555 oratione
634 511 744 554 Xlla
781 516 933 555 contra
967 511 1302 555 Eratosthenem
1337 511 1586 554 eommunia
1614 511 1787 562 habere,
1817 527 1901 554 non

217 588 389 643 quidem
435 587 661 630 Platonem
705 592 844 629 totum
887 603 940 630 ex
985 587 1118 643 Lysia
1151 587 1351 643 pendere,
1385 587 1459 629 sed
1494 592 1637 629 tamen
1672 587 1903 630 identidem

216 663 335 706 locos
362 661 615 705 consimiles
647 662 687 704 in
723 661 940 718 Apologia
973 661 1068 717 legi.
1104 662 1304 705 Platonis
1327 667 1473 705 autem
1501 661 1905 717 argumentationes

216 753 347 794 saepe
388 753 623 780 causarum
664 741 873 793 patronos
906 737 1113 780 redolere.
1149 737 1279 780 Addit
1316 736 1384 779 vir*
1414 736 1625 793 prudens:
1659 737 1902 790 „nat't'irlich

218 813 272 856 ist
314 813 467 856 Platon
512 812 630 855 nicht
672 827 784 868 ganz
826 827 908 855 aus
947 812 1120 868 Lysias,
1154 812 1295 855 einem
1324 811 1622 855 rhetorisehen
1657 811 1903 855 Handbucli

218 889 320 931 oder
351 888 486 944 dergl.
527 886 823 931 abzuleiten'’.
1832 878 1834 880 ’

280 964 416 1020 Igitur
448 980 533 1007 non
569 964 745 1007 credere
779 978 1018 1020 possumus
1051 963 1221 1007 Socrati
1257 963 1484 1007 Platonico
1512 963 1746 1007 affirmanti
1772 969 1810 1007 et
1838 979 1905 1007 as-

218 1040 441 1083 severanti
489 1055 536 1082 se
585 1039 714 1095 plane
761 1038 977 1095 hospitem
1028 1055 1126 1082 esse
1174 1039 1216 1081 in
1263 1055 1305 1081 re
1346 1038 1588 1085 iudiciaria.
1623 1054 1764 1095 neque
1815 1039 1906 1082 viro

220 1115 345 1158 docto
396 1114 450 1157 H.
501 1113 648 1157 MAOER
695 1113 787 1166 (1.1.
835 1113 938 1166 476)
987 1112 1059 1170 qui
1109 1114 1262 1156 eadem
1309 1129 1422 1170 quae
1466 1114 1587 1156 Soor.
1632 1113 1740 1157 Plat.
1774 1113 1903 1158 dixit:

223 1190 621 1234 Advokatenkniffe
653 1190 741 1232 und
775 1189 1062 1232 Ruhrszenen
1099 1189 1309 1232 verboten
1343 1189 1434 1232 sich
1470 1188 1559 1231 ihm
1594 1203 1678 1231 von
1713 1189 1908 1243 selbsttl)

220 1266 277 1308 Er
308 1266 453 1309 wollle
483 1265 595 1309 ancli
630 1264 745 1307 nieht
781 1264 916 1307 durch
952 1264 1223 1308 rhetorische
1251 1264 1398 1307 Kunst
1419 1290 1467 1295 —
1489 1264 1571 1306 den
1589 1264 1903 1320 gewijnschten

221 1343 364 1386 Effekt
397 1342 581 1386 erzielen
616 1358 750 1398 e.qs.

519 1562 547 1617 ἓ
580 1563 620 1606 4.
684 1563 731 1607 C.
766 1564 836 1606 De
879 1563 1281 1606 misericordia
1326 1565 1609 1607 movenda.

224 1718 352 1774 Apol.
391 1717 504 1761 Xen.
539 1719 579 1761 4.
1067 1719 1069 1767 l
1135 1720 1263 1777 Apol.
1299 1720 1409 1764 Plat.
1442 1720 1500 1763 34
1518 1722 1669 1764 C—35
1687 1720 1733 1764 C.

284 1797 473 1841 πολλάκις
521 1795 562 1833 ὸὲ
611 1795 852 1842 ἀὸικοῦντας
885 1795 910 1846 ἢ
954 1796 1004 1834 ἐκ
1067 1819 1068 1845 ;
1191 1800 1286 1849 τάχα
1331 1797 1365 1836 (δ’
1412 1797 1463 1836 ἄν
1496 1814 1549 1843 τις
1588 1798 1695 1846 ὑμῶν
1734 1798 1906 1848 ἀγανακ-

225 1886 275 1908 το
295 1877 318 1908 ῦ
377 1872 531 1922 λόγου
591 1871 929 1918 οἰκτίσαντες
979 1870 1004 1922 ἢ
1066 1851 1068 1911 i
1130 1874 1283 1923 τήσειεν
1325 1872 1600 1923 ἀναμνησθεὶς
1633 1871 1792 1921 ἑαυτοῦ,
1821 1873 1856 1911 εἰ
1886 1871 1905 1911 ὅ

225 1946 543 1996 ἐπιχαρίτως
592 1947 840 1993 εἰπόντας
893 1946 1004 1985 ἀπὲ-
1129 1948 1199 1997 μὲν
1229 1947 1294 1987 καὶ
1322 1948 1462 1987 ἐλάττω
1492 1948 1736 1986 τουτουῒτοῦ
1754 1948 1907 1999 ἀγῶνος

225 2025 400 2058 λυσαν.
1065 2046 1067 2052 v
1129 2024 1418 2075 ἀγωνιζόμενος
1472 2023 1672 2072 ε’ὸεήθη
1730 2038 1777 2062 τε
1824 2024 1907 2061 καὶ

1065 2119 1067 2188 Ι
1128 2099 1364 2137 ἱκέτευσε
1451 2099 1568 2145 τοὺς
1655 2099 1906 2144 δικαστὰς

1065 2198 1067 2226 1
1130 2173 1904 2223 μετὰπολλῶνὸακρύων,παι-

1132 2250 1213 2287 ὸία
1269 2265 1311 2287 τε
1371 2249 1531 2287 αὑτοῦ
1589 2249 1906 2300 ἀναβιβασά-

1131 2340 1309 2373 μενος,
1381 2325 1464 2362 ἴνα
1541 2324 1615 2362 ὅτι
1688 2325 1906 2372 μάλιστα

1067 2394 1068 2428 l
1133 2400 1408 2450 ἕλεηθείη,
1455 2398 1539 2437 καὶ
1583 2399 1770 2445 ἄλλους
1812 2406 1906 2437 τῶν

1133 2476 1343 2513 οἰκείων
1418 2474 1504 2512 καὶ
1568 2476 1735 2519 φίλων
1797 2479 1906 2513 πολ-

1068 2590 1069 2606 ἰ
1132 2552 1276 2597 λούς,
1312 2550 1387 2600 ε’)ἆ)
1424 2548 1464 2587 ὸὲ
1499 2548 1619 2588 οὐδὲν
1651 2549 1727 2599 ἄρα
1758 2552 1907 2588 τούτων

1134 2626 1300 2674 ποιήσω,
1332 2642 1351 2661 κ
1384 2629 1460 2662 ιλ.

1192 2699 1248 2741 35
1268 2698 1316 2741 Β.
1346 2701 1390 2737 τὰ
1417 2699 1563 2738 ἐλεεινὰ
1581 2706 1699 2737 ταῦτα
1719 2701 1907 2749 ὁράματα.

1191 2775 1248 2816 38
1268 2774 1318 2816 D.
1364 2775 1509 2824 ἀπορία
1553 2773 1623 2823 μὲν
1665 2774 1816 2813 ἑάλωκα
1859 2776 1906 2813 οὐ

1069 2856 1070 2881 l
1133 2851 1265 2900 μέντοι
1313 2852 1452 2901 λόγων,
1507 2848 1603 2887 ἀλλὰ
1654 2852 1796 2900 τόλμης
1843 2838 1908 2887 καὶ

1134 2925 1413 2973 ἀναισχυντίας
1441 2923 1506 2961 καὶ
1525 2930 1593 2962 τοῦ
1611 2923 1663 2973 μὴ
1682 2923 1833 2962 ἐθέλειν
1850 2924 1906 2974 λε’-
