2019 3299
930 177 1010 220 119

128 304 193 344 est
239 315 378 357 neque
429 299 658 355 „heroice”
702 300 970 343 interfectus.
1017 300 1116 344 Alio
1155 301 1251 343 loco
1277 301 1303 347 ¹)
1344 300 1432 344 iam
1466 298 1802 342 observavimus

128 380 377 419 contextum
422 376 536 432 apud
580 375 807 418 Platonem
842 375 986 419 minus
1019 375 1203 431 placere,
1236 375 1351 432 quod
1384 374 1515 430 paulo
1550 378 1646 430 post
1679 373 1802 417 Pala-

127 452 293 494 medem
327 451 421 494 eius
453 450 733 495 adversarius
767 455 805 493 et
840 450 1170 494 inimicissimus
1204 454 1573 494 commemoratur
1603 453 1733 505 atque
1767 448 1803 491 is

128 527 170 570 in
203 526 354 570 eadem
389 526 566 582 regione
600 541 795 569 versans.

186 602 396 645 Videmus
428 602 509 645 hac
541 616 714 658 quoque
748 601 789 643 in
824 616 868 644 re
900 616 1012 658 quae
1040 600 1288 657 Xenophon
1317 599 1445 644 tradit
1466 599 1636 643 veriora
1655 598 1802 648 videri,

127 692 238 735 quae
280 677 405 720 Plato
450 676 624 720 exhibet
667 676 917 733 pulchriora
951 675 1125 733 quidem
1160 691 1270 725 esse,
1305 662 1391 718 non
1425 679 1572 718 autem
1608 674 1804 717 veritatis

127 751 315 809 speciem
348 767 452 809 prae
485 767 532 794 se
566 751 693 795 ferre.

185 828 314 871 Nunc
345 843 531 884 quoque,
573 827 688 884 quod
732 827 818 870 iam
853 827 1029 883 saepius
1062 826 1274 882 suspicati
1307 841 1475 874 sumus,
1513 825 1657 873 verba,
1692 839 1804 881 quae

125 903 240 960 apud
296 902 637 959 Xenophontem
685 902 852 945 invenit
898 901 1078 946 liberius
1122 902 1163 944 in
1212 917 1294 945 sua
1340 901 1501 957 scripta
1547 899 1805 943 transtulit?

126 978 286 1036 Utique
343 978 518 1021 vincula
563 976 944 1034 deprehendimus.
994 977 1190 1019 Verbum
1245 981 1580 1028 παραμυθεῖσθαι
1628 974 1669 1017 in
1718 973 1805 1017 alio

125 1054 297 1110 dialogo
344 1053 468 1097 Plato
511 1053 702 1102 adhibet,
756 1051 851 1095 dico
885 1051 926 1094 in
968 1051 1218 1101 Phaedone,
1252 1050 1325 1108 qui
1359 1050 1559 1106 dialogus
1592 1049 1807 1093 nonnulla

128 1129 342 1173 vocabula
372 1145 468 1174 cum
502 1131 630 1188 Apol.
665 1130 992 1187 Xenophontea
1024 1129 1275 1173 communia
1307 1128 1441 1172 habet
1464 1127 1507 1181 ²).

183 1204 360 1249 Phaedo
405 1206 461 1250 83
494 1207 545 1250 Α.
592 1206 632 1259 ἡ
664 1209 883 1257 φιλοσοφία
931 1208 1003 1258 τὴν
1051 1206 1186 1258 ψυχὴν
1234 1205 1359 1257 ἠρέμα
1405 1208 1704 1255 παραμυθεῖται
1751 1200 1804 1244 ef.

126 1279 288 1324 Phaed.
322 1281 378 1325 70
410 1282 460 1325 B.

184 1355 268 1400 Sed
307 1356 414 1400 haec
445 1356 700 1406 similitudo,
734 1373 761 1400 a
793 1356 898 1400 viris
931 1357 1069 1400 doctis
1101 1360 1457 1404 commemorata,
1493 1354 1599 1397 mihi
1630 1354 1805 1411 quidem

124 1446 209 1474 non
258 1432 405 1488 magni
447 1432 648 1477 facienda
696 1433 879 1483 videtur,
930 1433 1036 1476 nihil
1084 1432 1200 1476 enim
1249 1430 1496 1487 argumenti
1540 1446 1591 1474 ex
1624 1446 1676 1474 ea
1710 1431 1805 1474 elici

124 1511 278 1563 potest,
320 1513 551 1565 propterea
591 1509 704 1566 quod
747 1514 787 1552 et
834 1509 948 1566 apud
983 1509 1210 1552 Platonem
1244 1513 1285 1551 et
1317 1507 1432 1564 apud
1466 1507 1803 1563 Xenophontem

127 1583 305 1626 verbum
339 1584 516 1640 saepius
549 1584 748 1628 occurrit.

182 1658 314 1702 Aliud
348 1659 569 1703 vinculum
605 1660 710 1703 mihi
745 1661 891 1704 videre
911 1661 1060 1703 videor
1091 1659 1132 1702 in
1166 1658 1373 1703 adverbio
1406 1661 1691 1710 παραπλησίως
1724 1658 1805 1714 Ap.

124 1734 234 1778 Plat.
267 1735 321 1778 37
342 1735 403 1778 A:
435 1738 529 1784 ἴσως
561 1774 569 1776 λ

123 1810 194 1853 26:
229 1811 248 1850 ὃ
277 1813 561 1864 παραπλησίως
594 1813 684 1864 ἐμοὶ
717 1814 964 1863 τελευτήσας.

183 1886 312 1929 Haud
358 1886 420 1930 ita
466 1903 596 1944 saepe
648 1887 885 1945 scriptores
934 1887 1071 1930 nostri
1116 1886 1197 1929 hoc
1228 1884 1436 1929 adverbio
1473 1888 1669 1927 utuntur.
1704 1882 1804 1926 Non

121 1960 184 2004 sic
229 1966 390 2005 temere
436 1962 625 2006 fortasse
672 1963 828 2007 accidit
876 1968 922 2006 ut
961 1962 1003 2005 in
1039 1967 1224 2019 utraque
1256 1960 1461 2018 apologia
1495 1987 1544 1991 —-
1580 1959 1623 2002 in
1657 1958 1805 2016 parvis

121 2037 280 2081 libellis
315 2065 363 2070 —
399 2038 672 2082 scriberetur.
721 2038 992 2082 Memoriane
1027 2037 1206 2081 retinuit
1238 2036 1496 2080 adverbium
1530 2035 1656 2078 Plato
1690 2037 1806 2090 post-

123 2130 254 2171 quam
286 2115 413 2170 Apol.
447 2114 560 2158 Xen.
594 2114 810 2171 perlegit?
1359 2161 1364 2167 ¹

181 2189 267 2233 Sed
315 2205 367 2233 ne
412 2189 519 2234 haec
565 2190 738 2247 quidem
787 2190 1028 2233 similitudo
1073 2189 1218 2245 magni
1269 2187 1471 2232 facienda
1514 2191 1592 2230 est.
1625 2183 1805 2229 Maioris

121 2270 269 2309 autem
312 2266 521 2309 momenti
562 2271 641 2317 est,
674 2266 788 2323 quod
822 2266 863 2308 in
898 2265 1027 2308 Mem.
1062 2264 1174 2315 Xen.
1204 2263 1278 2306 IV.
1312 2264 1351 2306 2.
1384 2264 1454 2306 33.
1490 2262 1645 2305 iterum
1679 2259 1804 2304 Pala-

121 2341 271 2385 medes
299 2340 549 2385 nominatur
589 2346 629 2384 et
660 2342 772 2385 idem
808 2341 1069 2385 vocabulum
1104 2340 1217 2397 quod
1251 2339 1292 2382 in
1327 2338 1453 2396 Apol.
1486 2338 1596 2381 Plat.
1628 2337 1680 2380 41
1711 2336 1804 2379 AB.

121 2416 280 2473 legitur
322 2432 380 2459 SC.
423 2420 585 2470 πάθης
631 2419 687 2457 Τὰ
729 2417 771 2458 δὲ
814 2419 1086 2469 Παλαμήδους
1129 2418 1203 2456 οὐκ
1244 2416 1420 2466 ἀκήκοας
1461 2417 1623 2465 πάθης
1666 2420 1805 2453 τοῦτον

751 1774 770 1776 -
802 1738 1087 1788 παραπλησίως
1120 1738 1224 1775 δοκῶ
1243 1735 1369 1787 λέγειν
1401 1751 1433 1773 κ.
1453 1739 1545 1784 ιλ,
1577 1733 1658 1789 Ap.
1691 1731 1804 1776 Xen.

121 2494 195 2546 γὰρ
235 2493 284 2544 δὴ
327 2495 468 2541 πάντες
510 2494 707 2545 ὑμνοῦσιν
745 2493 796 2541 ὡς
827 2494 892 2533 διὰ
925 2495 1072 2543 σοφίαν
1115 2491 1346 2543 φθονηθεὶς
1379 2491 1458 2530 ὑπὸ
1491 2497 1559 2530 τοῦ
1586 2489 1805 2536 Ὀδυσσέως

121 2567 348 2608 ἀπόλλυται.

183 2642 276 2685 Hoc
309 2642 483 2700 quidem
519 2643 740 2687 vinculum
776 2648 839 2687 est
874 2643 983 2686 inter
1011 2643 1238 2685 Platonem
1269 2645 1309 2684 et
1332 2640 1670 2697 Xenophontem
1689 2637 1804 2694 quod

122 2733 208 2760 non
256 2733 496 2774 possumus
548 2718 775 2775 neglegere
822 2734 960 2775 neque
1008 2717 1183 2761 silentio
1231 2716 1481 2773 praeterire.
1529 2713 1804 2757 Vocabulum

170 2890 194 2930 ¹)
217 2888 302 2924 Vid.
328 2889 417 2932 Cap.
443 2888 475 2923 11
502 2889 523 2932 ξ
547 2890 578 2923 9.

171 2951 197 2993 ²)
228 2949 309 2984 vid.
337 2949 425 2994 Cap.
451 2949 501 2983 lll
522 2949 544 2993 ,ξ
567 2948 599 2989 7,
624 2949 645 2994 ξ
671 2949 725 2984 20.
