2019 3299
1050 175 1133 219 100

300 296 407 340 Item
457 297 551 339 21).
582 297 633 339 de
677 296 952 340 institutione
1000 303 1040 341 et
1089 298 1347 342 educatione
1390 314 1534 342 sermo
1565 305 1644 343 est.
1678 299 1827 344 Verba
1857 300 1927 344 hic

240 372 445 428 leguntur
487 376 527 415 et
569 371 838 428 comparatio
881 372 1175 416 usitatissima
1217 373 1258 416 in
1293 373 1480 430 dialogis
1506 374 1744 418 Socraticis
1770 375 1843 418 ubi
1874 375 1926 418 de

241 446 514 497 educatione,
553 447 604 489 de
634 446 791 490 Virtute
823 447 1083 504 loquuntur:
1118 448 1251 501 ὀρθῶς
1287 450 1366 489 ἐστι
1398 457 1474 489 τῶν
1508 450 1608 490 νέων
1639 459 1797 502 πρῶτον
1829 451 1927 491 ἐπι-

242 527 567 574 μεληθῆναι,
609 523 715 570 ὅπως
761 523 919 562 ἔσονται
966 525 986 563 ὅ
1028 541 1062 563 τι
1096 524 1261 575 ἄριστοι,
1292 525 1422 575 ὥσπερ
1454 526 1629 578 γεωργὸν
1661 525 1820 578 ἀγαθὸν
1851 533 1928 566 τῶν

242 600 343 639 νέων
373 606 511 650 φυτῶν
543 599 645 646 εἰκὸς
677 606 835 649 πρῶτον
868 600 1174 651 ἐπιμεληθῆναι,
1207 600 1301 649 μετὰ
1334 600 1375 640 δὲ
1408 607 1522 640 τοῦτο
1555 601 1622 640 καὶ
1655 609 1731 641 τῶν
1758 601 1899 642 ἄλλων.

301 673 428 718 Alius
469 689 643 731 quoque
684 673 807 717 locus
856 674 1077 717 notandus
1119 676 1145 718 3
1186 674 1241 718 C:
1290 678 1516 727 Ἀθηναίοις
1553 678 1626 728 γάρ
1657 692 1729 727 τοι,
1759 677 1810 724 ὡς
1842 676 1925 726 ἐμοὶ

243 753 356 791 δοκεῖ
380 752 428 791 οὐ
462 752 620 801 σφόδρα
658 751 778 801 μέλει,
808 750 857 789 ἄν
889 767 975 790 τινα
1010 753 1190 791 δεινὸν
1218 752 1380 790 οἴωνται
1400 748 1515 801 εἶναι,
1532 752 1585 802 μὴ
1604 752 1736 802 μέντοι
1765 753 1928 792 διδασ-

243 827 461 867 καλικὸν
493 833 560 878 τῆς
592 826 718 865 αὑτοῦ
751 828 956 875 σοφίας.

304 903 492 953 Δεινότης
524 905 670 945 autern
705 899 901 944 Socratis
935 905 974 943 et
1003 904 1126 951 σοφία
1158 916 1244 944 non
1279 905 1346 944 est
1379 900 1599 957 sapientia
1630 901 1824 945 hominis
1854 902 1928 959 qui

244 977 349 1020 deos
395 976 561 1034 patrios
604 991 690 1019 non
735 975 850 1025 colit,
894 976 969 1019 sed
1013 975 1107 1019 eius
1136 975 1331 1019 Socratis
1364 975 1438 1033 qui
1470 991 1624 1019 omnes
1655 976 1855 1020 homines
1886 976 1928 1019 in

243 1052 508 1108 disputando
538 1051 666 1095 facile
694 1051 828 1094 vincit
855 1050 1099 1094 incredibili
1127 1051 1318 1108 quadam
1335 1050 1607 1095 dexteritate.
1626 1051 1740 1095 Hinc
1756 1067 1929 1110 quoque

244 1132 323 1172 ira
369 1132 500 1185 atque
547 1130 763 1172 invidia-⁸
811 1127 857 1167 ὃν
905 1126 940 1167 δ’
987 1127 1036 1166 ἂν
1078 1128 1142 1166 καὶ
1184 1128 1326 1175 ἄλλους
1361 1128 1521 1167 οἴωνται
1553 1133 1681 1168 ποιεῖν
1712 1131 1931 1178 τοιούτους,

246 1210 559 1256 θυμοῦνται,
588 1202 650 1243 εἴτ’
687 1199 761 1244 οὖν
794 1204 987 1255 φθόνῳ,
1017 1203 1068 1250 ὡς
1101 1204 1150 1242 σὺ
1182 1203 1317 1255 λέγεις,
1352 1204 1425 1242 εἴτε
1457 1200 1505 1242 δι’
1539 1203 1631 1261 ἄλλο
1663 1221 1708 1243 τι,
1741 1202 1930 1254 Quibus-

246 1294 344 1322 cum
391 1278 676 1322 conferantur
720 1278 829 1322 haec
877 1277 919 1321 in
970 1278 1096 1335 Apol.
1131 1278 1186 1321 23
1206 1278 1253 1322 C.
1286 1280 1322 1318 οἱ
1355 1278 1417 1318 ὑπ’
1461 1280 1594 1319 αὐτῶν
1625 1280 1699 1325 (sc.
1735 1278 1930 1323 Socratis

245 1354 448 1412 discipuli
494 1354 569 1412 qui
617 1353 877 1410 magistrum
916 1352 1162 1407 imitantur)
1196 1354 1461 1405 ἐξεταζόμενοι
1496 1354 1581 1404 ἐμοὶ
1613 1353 1932 1407 ὀργίζονται,

247 1435 287 1475 ef
330 1430 459 1488 Apol.
502 1430 557 1474 37
577 1430 636 1473 D:
677 1431 748 1481 οὐχ
792 1426 871 1469 οἷοί
910 1445 948 1469 τε
989 1429 1172 1482 ἐγένεσθε
1204 1429 1376 1482 ἐνεγκεῖν
1408 1430 1475 1476 τὰς
1507 1429 1600 1481 ἐμὰς
1632 1431 1836 1482 διατριβὰς
1865 1431 1931 1470 καὶ

246 1508 338 1555 τοὺς
370 1508 525 1560 λόγους,
556 1504 634 1546 ἀλλ’
669 1506 763 1557 ὑμῖν
795 1508 1011 1557 βαρύτεραι
1042 1506 1254 1558 γεγόνασιν
1286 1505 1351 1544 καὶ
1383 1508 1812 1556 ἐπιφθονώτεροι.

306 1582 534 1626 Postremo
592 1581 700 1625 haec
755 1584 907 1624 nostra
961 1579 1182 1624 sententia
1222 1582 1542 1631 corroboratur,
1589 1580 1651 1625 ita
1697 1586 1743 1624 ut
1788 1580 1932 1624 omnis

247 1659 463 1704 dubitatio
499 1663 752 1708 evanescat,
787 1658 905 1701 hisce
941 1656 1085 1700 verbis
1116 1658 1143 1700 3
1168 1657 1225 1699 D:
1258 1660 1352 1707 ἴσως
1383 1661 1457 1713 γὰρ
1490 1661 1538 1699 σὺ
1571 1658 1641 1710 μὲν
1674 1660 1802 1705 δοκεῖς
1832 1659 1931 1697 σπά-

247 1754 335 1777 νιον
381 1737 547 1776 σεαυτὸν
589 1735 772 1787 παρέχειν
804 1735 870 1773 καὶ
903 1735 1106 1773 διδάσκειν
1139 1735 1212 1774 οὐκ
1245 1735 1397 1774 ἐθέλειν
1428 1735 1498 1785 τὴν
1531 1741 1698 1774 σεαυτοῦ
1731 1721 1930 1782 σοφίαν.

247 1814 321 1866 ἐγὼ
368 1812 410 1852 δὲ
451 1814 659 1863 φοβοῦμαι
700 1811 752 1861 μὴ
802 1811 880 1850 ὑπὸ
923 1810 1383 1861 φιλανθρωπίαςι)
1415 1812 1517 1850 δοκῶ
1550 1811 1684 1867 αὐτοζς
1716 1810 1737 1849 ὅ
1766 1826 1809 1848 τι
1841 1824 1931 1859 περ

246 1890 337 1941 ἔχω
384 1887 649 1940 ἐκκεχυμένως
694 1887 812 1925 παντὶ
855 1886 972 1937 ἀνδρὶ
1012 1885 1152 1938 λέγειν,
1197 1887 1243 1925 οὐ
1271 1887 1396 1937 μόνον
1429 1886 1552 1926 ἄνευ
1585 1890 1806 1936 μισθοῦ,
1836 1884 1933 1924 ἀλλὰ

247 1965 312 2004 καὶ
342 1964 573 2014 προστιθεὶς
606 1961 654 2001 ἂν
687 1961 814 2013 ἡδέως
846 1963 885 2001 εἴ
910 1963 966 2009 τίς
994 1977 1070 2012 μου
1104 1961 1236 2001 ἐθέλοι
1269 1962 1445 2002 ἀκούειν.

308 2039 477 2082 Collato
510 2037 604 2081 loco
639 2038 755 2095 apud
789 2037 904 2081 Xen.
938 2037 980 2080 in
1017 2037 1146 2080 Mem.
1180 2037 1212 2080 Ι.
1247 2037 1286 2080 6.
1320 2037 1511 2081 13—14:

308 2117 378 2167 τὴν
412 2117 607 2165 σοφίαν
641 2115 828 2163 ὡσαύτως
861 2116 952 2162 τοὺς
985 2113 1056 2165 μὲν
1088 2114 1348 2166 ἀργυρίου
1375 2122 1424 2168 τῷ
1448 2114 1678 2169 βουλομένῳ
1705 2117 1933 2160 πωλοῦντας

246 2191 436 2241 σοφιστὰς
465 2192 611 2242 (ὥσπερ
643 2192 833 2242 πόρνους)
867 2190 1153 2240 ἀποκαλοῦσιν,
1184 2191 1288 2237 ὅστις
1322 2190 1376 2240 δέ,
1407 2188 1453 2229 ὃν
1485 2189 1534 2228 ἂν
1561 2197 1641 2244 γνῷ
1669 2190 1801 2240 εὐφυᾶ
1829 2188 1935 2241 ὄντα,

249 2269 525 2317 διδάσκων,
567 2268 586 2306 ὅ
619 2283 661 2306 τι
704 2266 759 2305 ἂν
792 2267 876 2321 ἔχῃ
910 2265 1132 2318 ἀγαθόν,
1173 2267 1292 2315 φίλον
1326 2270 1509 2318 ποιεῖται,
1540 2271 1681 2304 τοῦτον
1713 2267 1936 2316 νομίζομεν,

248 2343 271 2382 ἃ
303 2352 354 2397 τῷ
386 2348 490 2398 καλῷ
522 2343 689 2397 κάγαθῷ
723 2344 862 2398 πολίτῃ
893 2343 1098 2393 προσήκει,
1128 2349 1250 2381 ταῦτα
1281 2346 1423 2380 ποιεῖν.

308 2418 512 2461 Socrates
544 2418 641 2458 ἄνευ
674 2423 825 2469 μισθοῦ
859 2432 945 2460 non
980 2417 1103 2460 docet
1134 2415 1418 2472 impietatem,
1446 2415 1522 2458 sed
1555 2414 1659 2472 quid
1693 2415 1748 2458 sit
1782 2415 1931 2466 virtus,

250 2493 504 2536 hominibus
538 2497 578 2536 et
611 2492 866 2541 artificibus,
902 2492 969 2535 vel
1004 2491 1047 2534 in
1081 2491 1335 2535 universum
1371 2493 1411 2531 τὸ
1444 2495 1480 2531 τί
1510 2492 1624 2530 ἐστιν.

310 2569 411 2612 Non
456 2569 642 2612 debebat
684 2584 786 2624 ergo
830 2568 1079 2611 Sanszs
1114 2567 1186 2610 l.l.
1223 2567 1394 2610 13—16
1426 2565 1658 2610 defendere
1692 2566 1806 2610 hanc
1838 2565 1932 2609 Pla-

249 2644 364 2687 tonis
406 2644 636 2687 criminum
681 2643 1114 2692 contaminationem,
1147 2658 1288 2699 neque
1321 2646 1473 2685 contra
1504 2640 1711 2685 Favorini
1741 2640 1933 2685 testimo·

251 2721 385 2769 nium,
432 2724 585 2763 contra
616 2718 973 2776 Xenophontem,
1008 2718 1081 2775 qui
1121 2722 1160 2760 et
1194 2717 1235 2760 in
1273 2717 1404 2760 Mem.
1439 2721 1476 2759 et
1512 2716 1554 2759 in
1587 2716 1715 2773 Apol.
1747 2716 1930 2759 eundem

299 2900 320 2941 ¹)
359 2899 402 2933 Et
438 2900 475 2933 in
512 2899 622 2933 Mem.
647 2898 740 2933 Xen.
766 2899 791 2932 l.
815 2899 845 2932 02..
870 2899 915 2933 60
939 2900 1113 2933 Socrates
1138 2899 1280 2932 docens
1305 2900 1470 2937 δημοτικὸς
1494 2900 1543 2929 καὶ
1568 2902 1790 2938 φιλάνθρωπος
1813 2894 1930 2928 audit·

252 2960 305 2994 Ibi
331 2972 480 3003 quoque
505 2960 652 3002 gyratis.
