2019 3299
1071 188 1127 227 80

259 310 549 360 ἀνθρώπων
593 310 716 360 ἐμοῦ
750 328 773 359 μ
793 312 873 361 ήτε
906 311 1030 350 ε’λευν
1162 312 1225 350 καὶ
1268 311 1354 362 μεθ’
1403 313 1512 361 ὑμῶν
1549 319 1731 364 κατῆλθε.
1766 314 1830 353 καὶ
1861 315 1940 354 ἴύτε

260 386 576 433 θεριώτερον
619 402 643 433 μ
660 386 740 434 rite
775 387 1030 424 ornator&
1161 388 1209 436 ὸὴ
1244 384 1324 434 οἷος
1362 383 1408 437 ἦν
1438 391 1667 437 Χαιρεφῶν,
1693 389 1743 436 ὡς
1762 390 1938 440 σφοδρὸς

257 476 346 508 ρον
379 460 498 509 μήτε
532 460 972 509 σωφρονέστερον.
1159 460 1215 509 ἐφ’
1270 463 1289 501 ὅ
1332 479 1363 500 τι
1408 462 1628 513 ὁρμήσειεν.
1668 465 1731 502 καὶ
1765 466 1814 514 δή
1848 480 1939 504 ποτε

1159 537 1222 575 καὶ
1271 538 1323 584 εἰς
1367 540 1549 585 Δελφοὺς
1591 539 1721 578 ἐλθὼν
1755 539 1940 591 ἐτόλμησε

1158 619 1271 651 τοῦτο
1291 615 1605 661 μαντεύσασθαι·
1623 616 1700 661 καί,
1717 614 1811 661 ὅπερ
1829 615 1942 666 λέγω,

1157 688 1209 737 μὴ
1238 690 1462 738 θορυβεῖτε,
1494 684 1522 727 ὦ
1550 688 1703 739 ἄνδρες·
1731 689 1842 740 ἤρετο
1865 690 1938 741 γὰρ

1158 764 1220 812 δή,
1267 764 1304 801 εἷ’
1345 780 1400 810 τις
1448 762 1544 812 ἐμοῦ
1592 765 1652 814 εἴη
1700 767 1938 814 σοφώτερος.

1157 837 1360 876 ἀνεῖλεν
1419 839 1510 877 οὐν
1557 837 1580 889 ἡ
1633 841 1809 878 Πυθία
1857 857 1936 891 μη-

1158 912 1279 951 δένα
1313 915 1616 964 σοφώτερον
1648 911 1803 954 εἶναι.

311 1065 437 1107 Prius
469 1063 694 1120 quaeritur
727 1079 828 1106 num
864 1079 907 1106 re
943 1079 1045 1106 vera
1074 1062 1362 1119 Chaerephon
1402 1063 1592 1119 Delphos
1631 1064 1711 1107 iter
1730 1064 1877 1108 fecerit
1896 1071 1937 1109 et

251 1140 476 1183 oraculum
521 1139 814 1187 consuluei·it;
849 1139 1005 1182 deinde
1039 1139 1123 1181 utri
1158 1138 1358 1195 scriptori
1393 1139 1534 1194 magis
1567 1139 1830 1183 credendum
1863 1140 1934 1184 sit.

253 1216 363 1258 Illud
408 1231 482 1270 pro
526 1219 641 1257 certo
686 1215 854 1257 etticere
888 1230 972 1257 non
1007 1229 1260 1270 possumus.
1295 1213 1418 1264 Quae
1451 1219 1596 1257 autem
1632 1216 1935 1260 anctoritatem

252 1296 291 1334 et
323 1290 450 1333 fidem
485 1289 584 1332 huic
624 1289 864 1332 narrationi
898 1289 1100 1337 afferunt,
1135 1289 1241 1333 haec
1276 1289 1366 1331 fere
1400 1293 1526 1331 sunt:

313 1368 351 1414 1)
383 1365 435 1408 Et
483 1365 730 1421 Xenophon
781 1370 820 1408 et
868 1365 991 1408 Plato
1040 1364 1172 1408 huius
1216 1364 1399 1421 Pythiae
1442 1364 1643 1421 responsi
1677 1366 1932 1410 memoriam

253 1442 379 1485 nobis
410 1440 694 1489 tradiderunt,
729 1456 841 1497 quae
878 1440 1036 1497 duplex
1069 1441 1281 1484 memoria
1307 1442 1357 1484 de
1387 1442 1721 1499 Chaerephonte
1740 1441 1934 1499 Delphos

251 1520 331 1562 iter
363 1517 549 1561 faciente
577 1516 701 1573 parvi
735 1516 937 1560 facienda
971 1532 1055 1559 non
1092 1522 1170 1560 est.

307 1595 352 1637 2,
387 1594 592 1637 Socrates
611 1592 866 1635 Platonicus
901 1607 984 1634 non
1017 1592 1111 1634 sine
1139 1592 1287 1649 aliqua
1315 1593 1611 1636 ostentatione
1634 1592 1931 1635 testimonium

251 1670 398 1714 fratris
450 1668 609 1711 mortui
658 1667 1011 1724 Chaerephontis
1056 1667 1273 1711 iudicibus
1308 1667 1595 1711 denuntiavit.
1631 1670 1780 1724 diyito
1810 1682 1937 1712 mon-

250 1749 435 1790 strans:
484 1745 550 1784 καὶ
595 1747 744 1784 τούτων
777 1744 862 1793 πέρι
908 1743 926 1782 ὁ
977 1744 1148 1792 ἀδελφὸς
1198 1744 1290 1793 ὑμῖν
1333 1744 1469 1784 οὑτοσὶ
1512 1746 1766 1794 μαρτυρήσει,
1797 1744 1932 1796 ἐπειδὴ

251 1825 399 1870 ἐκεῖνος
430 1823 710 1871 τετελεύτηκεν.

306 1899 349 1944 3)
397 1897 550 1941 Cardo
582 1910 743 1940 rerum
775 1899 815 1938 et
846 1897 1221 1948 fundamentum
1256 1895 1388 1938 totius
1419 1895 1663 1951 Apologiae
1681 1893 1934 1937 Platonicae

250 1979 328 2019 est.
376 1972 491 2030 quod
540 1973 688 2016 statim
728 1977 971 2029 proruetur,
1006 1972 1041 2015 si
1080 1987 1305 2015 sumemus
1340 1972 1420 2015 hoc
1453 1972 1678 2015 oraculum
1714 1987 1739 2015 a
1773 1970 1933 2028 Pythia

249 2065 334 2092 non
368 2049 531 2092 editum
566 2064 675 2091 esse.
710 2048 843 2091 Recte
877 2047 1020 2103 igitur,
1056 2054 1099 2090 ut
1136 2047 1304 2104 opinor,
1345 2047 1394 2089 Η,
1430 2048 1578 2091 ΜΑΙΕΒ
1606 2047 1665 2090 l.l.
1695 2062 1792 2104 pag.
1826 2047 1931 2088 112:

252 2125 324 2179 „In
359 2125 432 2168 der
464 2124 548 2168 Tat
583 2125 728 2167 warde
765 2124 861 2167 dem
897 2123 1255 2179 Gedankenspiel
1289 2123 1439 2166 Plalos
1472 2123 1550 2166 das
1578 2123 1801 2178 Ruckgrat
1835 2137 1932 2165 aus-

247 2200 507 2256 gebrochen,
552 2215 677 2243 wenn
722 2214 822 2242 man
870 2199 936 2241 die
970 2198 1221 2254 Erz'ahlung
1255 2214 1340 2241 von
1375 2199 1470 2241 dem
1505 2197 1831 2255 Orakelspruch
1864 2197 1933 2240 far

249 2276 343 2319 eine
375 2275 550 2318 Fiktion
584 2275 732 2318 halten
768 2274 958 2317 wollte.’'

307 2351 349 2403 4)
390 2351 616 2406 Sphaerus
667 2350 951 2406 Bosporanus
997 2349 1141 2405 (Diog.
1187 2348 1328 2392 Laert.
1373 2348 1467 2391 VH.
1505 2349 1616 2398 178),
1651 2349 1725 2406 qui
1759 2348 1932 2392 auditor

248 2426 437 2469 Zenonis
483 2431 574 2468 erat
621 2431 661 2467 et
705 2425 882 2467 vivebat
940 2429 1084 2468 aetate
1128 2424 1392 2472 Cleomenis,
1443 2424 1556 2480 regis
1599 2424 1930 2485 Spartanorum,

247 2501 329 2544 tria
358 2500 582 2543 volumina
614 2500 787 2556 scripsit
820 2501 908 2550 περὶ
942 2502 1187 2553 Λυκούργου
1221 2501 1283 2539 καὶ
1318 2503 1571 2549 Σωκράτους.
1605 2499 1813 2556 Suspicor
1846 2499 1932 2541 iam

246 2577 347 2619 inde
389 2592 414 2619 a
454 2575 650 2619 Socratis
683 2575 938 2618 defensione
972 2575 1078 2618 haec
1112 2575 1198 2617 duo
1233 2574 1413 2618 nomina
1440 2574 1500 2617 sic
1535 2574 1798 2618 coniunctim
1829 2573 1930 2630 legi,

247 2652 329 2709 ipsi
371 2650 542 2695 Socrati
585 2651 696 2694 hanc
738 2650 1111 2706 comparationem
1141 2650 1300 2698 deberi,
1335 2650 1495 2707 quippe
1528 2649 1602 2706 qui
1634 2654 1734 2692 ante
1766 2649 1931 2692 iudices

248 2732 383 2769 semet
425 2727 568 2783 ipsum
611 2727 647 2769 si
691 2742 775 2769 non
810 2742 957 2782 parem
991 2731 1185 2770 attamen
1219 2726 1407 2769 similem
1447 2726 1643 2782 Lycurgo
1671 2725 1930 2773 nominaret,

249 2801 333 2844 vid.
380 2801 491 2844 Xen-
541 2802 668 2858 Apol.
720 2804 795 2845 15:
849 2803 956 2842 Ἀλλὰ
1004 2806 1118 2851 μείζω
1164 2806 1249 2853 μένἼ
1295 2799 1323 2842 ὦ
1367 2803 1522 2852 ἅνὸρες,
1553 2798 1660 2841 εἶπεν
1709 2801 1728 2840 ὁ
1760 2802 1855 2847 θεὸς
1887 2801 1928 2839 ἐν

245 2883 431 2929 χρησμοῖς
478 2879 563 2928 περὶ
613 2880 856 2929 Λυκούργου
904 2885 972 2916 τοῦ
1014 2878 1353 2927 Λακεδαιμονίοις
1397 2878 1739 2926 νομοθετήσαντος
1780 2875 1805 2928 ἢ
1842 2874 1929 2926 περὶ

247 2953 354 3004 ἐμοῦ.
398 2953 546 3005 λέγεται
593 2952 665 3004 γὰρ
713 2953 766 2999 εἰς
815 2953 882 2991 τὸν
933 2952 1031 2991 ναὸν
1077 2952 1248 2991 εἰσιόντα
1290 2955 1521 3002 προσειπεῖν
1548 2951 1681 2990 αὐτόν·
1716 2952 1931 3001 Φροντίζω,
