2019 3299
897 198 973 240 161

82 304 315 349 [socratem
356 306 550 362 agnosci.
590 305 864 360 Argumenta
891 310 930 347 et
972 304 1131 347 indicia
1165 320 1249 347 non
1285 304 1568 360 proferuntur
1600 303 1773 349 idonea.

80 396 193 437 quae
238 380 364 423 nobis
410 381 491 424 hac
529 380 570 422 in
606 396 648 422 re
685 380 798 422 viam
835 384 1093 423 monstrent.
1131 379 1433 422 Nihilominus
1470 379 1619 430 ιΙ()”Ρ’,[,“)
1663 378 1775 421 hanc

81 455 297 499 lubricam
347 456 461 499 viam
510 455 571 498 ire
621 455 759 511 pergit
807 459 847 497 et
887 455 1113 497 contendit
1155 454 1350 510 ignotum
1393 454 1514 496 illum
1550 454 1773 496 hominem

83 546 180 573 esse
212 530 438 574 Socratem
473 519 753 573 Antisthenis
789 529 855 572 vel
889 529 1032 585 ipsum
1060 529 1383 572 Antistheneni.
1416 529 1592 583 „Dieser
1621 528 1777 583 Dialog

82 611 190 648 setzt
240 606 336 648 eine
385 606 597 662 kynische
646 605 792 648 Kritik
841 605 916 648 der
960 604 1311 660 Gorgianischen
1359 602 1777 660 Helenapanegyrik

85 695 266 728 voraus;
318 680 541 723 Isokrates
591 680 766 723 wandte
816 679 908 722 sich
959 679 1034 722 mit
1085 679 1160 722 der
1204 679 1399 734 seinigen
1448 679 1607 721 wieder
1639 693 1775 734 gegen

84 754 387 806 Antisthenes,
429 755 505 798 mit
548 755 705 798 dessen
742 755 953 798 Elenktik
989 755 1227 797 wiederum
1261 754 1389 797 Plato
1424 754 1517 796 hier
1549 753 1779 796 zunachtst

84 830 309 874 Isokrates
350 830 393 873 in
437 830 512 873 der
558 830 710 874 Maske
750 829 897 873 seines
931 829 1338 885 Schwiegervaters
1373 829 1562 886 Hippias
1595 828 1778 884 schlagt,

86 921 159 948 um
183 905 292 948 eben
325 905 599 949 schliesslich
630 905 743 948 auch
772 905 840 948 die
866 904 1225 947 Antisthenische
1246 904 1477 947 Aesthetik
1496 903 1780 959 ohnmachtig

86 996 138 1023 zu
172 980 337 1036 zeigen,
371 980 590 1036 bedfirftig
624 980 699 1023 der
732 980 831 1023 Idee
864 980 940 1023 des
973 979 1225 1023 Schonen”.

146 1054 330 1112 Fingere
377 1060 416 1098 et
459 1055 733 1099 comminisci
769 1055 889 1109 talia,
922 1055 1115 1111 proferre
1149 1054 1364 1098 eiusmodi
1398 1054 1672 1098 coniecturas
1704 1053 1781 1097 dif-

88 1130 199 1174 ficile
242 1146 328 1174 non
372 1136 451 1175 est.
486 1131 721 1175 Abstinere
755 1131 817 1174 eis
850 1131 1082 1174 difficilius.
1116 1130 1427 1173 Difficillimum
1462 1135 1610 1173 autern
1643 1129 1780 1172 firmis

90 1206 388 1265 gravibusque
417 1208 689 1264 argumentis
717 1207 848 1251 talem
879 1207 1133 1264 opinionem
1163 1206 1409 1249 defendere.
1438 1205 1482 1248 Id
1506 1206 1620 1262 quod
1640 1205 1783 1249 adhuc

90 1297 116 1326 a
140 1282 279 1326 Joelio
299 1283 493 1326 nondum
514 1283 676 1327 factum
697 1288 776 1327 est.
794 1283 1148 1338 Exspectandum
1169 1282 1300 1339 igitur
1318 1283 1417 1325 dum
1437 1281 1782 1325 corroboraverit

88 1358 352 1402 sententiam
381 1375 508 1403 suam
538 1359 588 1402 de
616 1359 880 1403 Antisthene
907 1359 1096 1416 primum
1127 1358 1334 1414 Gorgiam
1363 1357 1595 1407 refutante,
1623 1358 1674 1400 de
1692 1357 1782 1400 Iso-

89 1438 204 1476 crate
237 1433 393 1477 deinde
426 1435 735 1478 Antisthenem
768 1434 1008 1483 refellente,
1032 1435 1089 1477 ‘de
1121 1433 1304 1477 Platone
1334 1433 1531 1489 ignotum
1558 1433 1680 1476 illum
1708 1433 1781 1475 ho-

93 1507 253 1552 minem
284 1510 354 1563 (=
374 1509 599 1553 Socratem
627 1510 908 1553 Antisthenis
939 1510 1006 1552 vel
1036 1509 1180 1565 ipsum
1209 1508 1536 1561 Antisthenem)
1554 1507 1784 1550 inducente

93 1588 138 1626 ut
174 1584 411 1628 Isocratem
451 1585 676 1635 derideret,
721 1591 945 1642 postremo
988 1584 1132 1642 ipsum
1171 1584 1295 1627 illum
1329 1583 1526 1640 ignotum
1562 1583 1783 1627 hominem

94 1665 163 1712 t=
184 1660 408 1704 Socratem
443 1661 737 1710 Antisthenis,
768 1661 835 1704 vel
868 1660 1012 1717 ipsum
1046 1660 1374 1705 Antistheneml
1406 1659 1707 1716 impugnante.

158 1735 271 1779 Sunt
304 1737 384 1779 viri
417 1736 531 1779 docti
558 1736 813 1780 credulitate
845 1736 1036 1789 quadam
1066 1735 1323 1783 incredibili,
1353 1750 1465 1792 quae
1494 1740 1664 1778 montes
1692 1750 1783 1778 mo-

95 1830 196 1857 vere
230 1812 384 1870 possit.
427 1812 582 1868 Ignota
623 1817 662 1855 et
696 1827 826 1856 caeca
858 1812 933 1854 illa
959 1811 1123 1868 scripta
1150 1810 1428 1853 Antisthenis
1458 1826 1556 1853 vere
1583 1810 1784 1853 aurariae

95 1894 210 1938 sunt,
257 1887 534 1932 aurifodinae
582 1903 634 1930 ex
685 1888 845 1945 quibus
893 1887 1001 1930 nihil
1050 1902 1136 1929 non
1186 1886 1405 1929 effoditur.
1453 1885 1598 1928 Nimis
1647 1886 1786 1929 multa

93 1964 194 2019 (vid.
228 1979 321 2020 cap.
356 1962 390 2012 I)
418 1962 512 2006 Joel
542 1967 664 2019 putat
697 1978 794 2006 esse
831 1962 1006 2019 propria
1033 1961 1314 2006 Antisthenis
1340 1977 1453 2019 quae
1481 1961 1566 2005 iam
1588 1961 1785 2005 Socratis

95 2040 285 2083 fuerunt.
315 2029 413 2095 Ipse
446 2037 650 2081 Socrates
683 2043 724 2081 et
757 2038 923 2095 primus
957 2038 1223 2095 Cynicorum
1258 2042 1349 2080 erat
1384 2064 1434 2068 ——
1468 2037 1579 2080 inter
1610 2037 1698 2080 alia
1717 2064 1784 2080 —.

96 2115 222 2159 Errat
256 2114 537 2158 vehementer
566 2113 660 2157 Joel
692 2114 765 2171 qui
799 2114 950 2158 omnia
981 2129 1094 2171 quae
1122 2112 1374 2170 cynicorum
1394 2117 1509 2162 sunt,
1530 2112 1784 2156 Antistheni

97 2190 243 2235 deberi
276 2189 513 2238 contendit,
548 2189 719 2233 Socrati
751 2189 990 2233 abiudicat.

158 2316 271 2367 Quid
301 2316 472 2359 restat?
505 2315 626 2366 Quae
659 2315 963 2372 interpretatio
997 2331 1023 2359 a
1056 2314 1183 2358 nobis
1216 2314 1518 2371 proponetur?

156 2391 293 2435 Credo
341 2406 429 2434 rem
479 2391 541 2434 ita
586 2407 633 2434 se
682 2391 856 2434 habere.
906 2389 1136 2433 Profectus
1181 2395 1246 2433 est
1289 2389 1412 2432 Plato
1447 2405 1471 2433 a
1503 2389 1617 2433 Xen.
1653 2389 1782 2432 Mem.

99 2467 176 2511 III.
218 2468 258 2510 8.
301 2466 349 2510 In
391 2466 466 2510 illa
507 2466 782 2523 paragrapho
822 2466 1074 2522 Aristippus
1116 2465 1227 2509 satis
1275 2467 1506 2518 ὑβριστικῶς
1541 2464 1678 2508 voluit
1710 2464 1786 2507 im-

100 2558 258 2598 ponere
300 2541 470 2585 Socrati
514 2557 698 2599 seseque
740 2541 891 2585 ulcisci
925 2542 976 2584 de
1010 2541 1191 2597 pulchro
1227 2541 1453 2592 Socratem
1493 2540 1785 2596 interrogans.

99 2618 345 2661 Transtulit
379 2618 492 2660 hunc
525 2617 748 2661 hominem
782 2617 824 2660 in
857 2633 986 2660 suum
1017 2616 1241 2672 dialogum
1270 2616 1409 2660 Plato.
1442 2616 1571 2659 Haud
1590 2615 1786 2672 ineptum

100 2693 244 2736 visun]
302 2697 367 2736 est
429 2692 599 2735 Platoni
657 2693 739 2735 sub
797 2708 847 2735 ea
897 2707 1100 2748 persona,
1153 2692 1334 2734 mutatis
1382 2691 1595 2748 partibus,
1639 2691 1785 2748 ipsum

101 2769 328 2814 Socratem
370 2769 519 2819 latere,
568 2774 608 2812 et
657 2784 807 2812 verum
855 2769 1031 2825 quidem
1074 2772 1115 2811 et
1151 2767 1392 2824 genuinum
1426 2767 1666 2816 Socratem,
1701 2781 1785 2809 non

102 2844 358 2902 perpolitam
417 2843 535 2887 illam
580 2844 907 2888 Platonicorum
955 2843 1229 2899 dialogorum
1277 2842 1488 2886 dramatis
1537 2857 1785 2898 personam,

149 2959 171 3003 1)
199 2959 221 2992 ι.
251 2958 274 2993 1.
299 2957 332 2992 11
356 2970 391 3001 p.
419 2957 496 2991 747.

205 3018 369 3053 Apologia
390 3017 646 3052 Xenophontea.
1614 3016 1647 3042 11
