2019 3299
1037 186 1116 229 102

1072 315 1075 367 l
1139 312 1246 367 ἵππῳ
1293 310 1318 362 ἢ
1365 311 1555 360 ξυνωρίδι
1591 309 1616 361 ἢ
1658 311 1783 361 ζεύγει
1817 311 1919 349 νενί-

1073 383 1075 416 l
1141 401 1259 437 κηκεν
1277 384 1551 436 Ὀλυμπίασιν.
1581 383 1601 424 ὃ
1629 384 1699 435 μὲν
1720 384 1794 436 γὰρ
1817 384 1919 435 ὑμᾶς

1074 466 1075 505 l
1141 466 1253 500 ποιεῖ
1279 462 1523 512 εὐδαίμονας
1555 462 1689 500 δοκεῖν
1716 457 1920 513 εἶναι,ε’γὼ

1074 525 1076 539 l
1239 533 1254 539 a·

1074 540 1076 581 i
1144 535 1185 575 δὲ
1219 540 1333 575 εἶναι.

291 687 395 729 Post
442 686 629 729 similem
674 685 1051 729 enumerationem
1097 686 1206 729 bene
1239 702 1266 729 a
1302 702 1348 728 se
1382 685 1597 728 factorum
1630 686 1773 742 (Apol.
1806 685 1919 730 Xen.

240 762 314 811 17;
358 762 487 819 Apol.
531 761 639 805 Plat.
681 762 738 805 36
757 760 821 814 C.)
865 761 1071 804 Socrates
1104 761 1293 804 affirmat
1335 765 1373 803 et
1411 760 1634 804 contendit
1665 761 1839 805 laudem
1873 777 1921 805 se

236 837 449 881 meruisse
481 842 521 880 et
553 836 754 893 gratiam.
788 837 915 893 Apud
950 836 1065 880 Xen.
1099 837 1206 880 haec
1232 837 1274 879 in
1300 836 1394 893 ipsa
1421 835 1676 880 defensione
1704 837 1921 894 leguntur,

235 913 350 970 apud
392 913 621 962 Platonem
664 913 706 957 in
739 913 829 957 litis
862 913 1185 957 aestimatione.
1218 913 1360 964 Quam
1395 914 1450 956 ob
1478 929 1657 957 causam
1691 914 1808 958 haud
1842 914 1922 958 abs

235 1003 280 1031 re
327 988 437 1032 duco
478 989 521 1032 in
564 1005 615 1038 ea
662 989 751 1032 litis
800 989 1123 1039 aestimatione,
1173 989 1317 1045 qualis
1360 989 1474 1046 apud
1523 989 1751 1032 Platonem
1793 993 1923 1044 extat,

236 1065 367 1121 paulo
399 1065 575 1122 longius
608 1065 865 1110 subsistere.

293 1140 533 1198 Postquam
567 1141 771 1185 Socrates
805 1141 994 1185 breviter
1026 1142 1077 1184 de
1112 1157 1295 1185 numero
1327 1140 1648 1184 sententiarum
1668 1140 1922 1198 disputavit,

235 1231 347 1274 quae
391 1217 526 1260 verba
570 1222 614 1260 ut
659 1216 814 1274 opinor
855 1217 1048 1260 referunt
1090 1217 1338 1274 opinionem
1373 1216 1513 1273 ipsius
1545 1215 1741 1260 Platonis
1773 1221 1814 1259 et
1845 1216 1922 1260 So-

235 1293 365 1337 cratis
408 1294 664 1344 amicorum,
697 1294 860 1338 ironice
892 1299 1016 1351 rogat
1048 1294 1151 1352 quid
1184 1293 1404 1337 meruerit.
1438 1293 1764 1337 Commemorat
1797 1292 1923 1335 bene-

237 1369 335 1413 ficia
367 1384 449 1413 sua
488 1369 616 1426 Apol.
649 1369 770 1413 36C.
819 1372 1111 1424 εὐεργετεῖν
1163 1371 1254 1421 τὴν
1303 1371 1550 1423 μεγίστην
1597 1369 1924 1421 εὐεργεσίαν,

236 1446 292 1488 36
313 1445 360 1488 D.
395 1446 509 1498 ἀνδρὶ
541 1446 678 1498 πένητι
710 1446 969 1502 εὐεργέτῃ,
1000 1445 1054 1488 ef.
1089 1446 1220 1500 Apol.
1255 1446 1372 1488 Xen.
1406 1448 1475 1498 1'7,
1509 1447 1567 1488 26
1599 1445 1763 1488 eadem
1793 1456 1923 1487 voca-

235 1522 358 1565 bula.
409 1520 573 1564 Deinde
618 1525 757 1564 semet
803 1520 982 1577 dignum
1033 1520 1193 1563 iudicat
1241 1519 1315 1577 qui
1370 1521 1410 1559 ἐν
1457 1522 1679 1576 πρυτανείῳ
1729 1524 1924 1558 σιτεῖσθαι

237 1597 420 1641 sinatur.
457 1597 675 1641 Haeccine
708 1614 735 1641 a
767 1597 949 1641 Socrate
982 1597 1132 1640 dicta‘?
1166 1596 1219 1639 Et
1251 1611 1302 1639 eo
1336 1596 1466 1639 modo
1499 1611 1525 1639 a
1557 1595 1740 1638 Socrate
1773 1594 1922 1638 dicta?

241 1673 333 1715 Hoc
379 1688 455 1730 pro
502 1677 620 1716 certo
667 1672 775 1716 effici
819 1689 901 1716 non
937 1677 1093 1730 potest.
1128 1672 1245 1715 Num
1282 1671 1559 1715 verisimile?
1594 1670 1789 1715 Minime.
1823 1659 1923 1714 Noti

238 1748 351 1792 enim
396 1749 524 1792 nobis
563 1749 768 1792 credibile
810 1750 1051 1793 Socratem
1093 1748 1167 1806 qui
1210 1753 1393 1791 mortem
1428 1747 1514 1791 sibi
1546 1747 1713 1790 instare
1746 1746 1924 1796 videret,
1980 1755 1983 1762 '

237 1825 298 1868 ita
343 1825 618 1875 disseruisse,
666 1826 776 1869 adeo
823 1826 982 1883 quiete,
1032 1825 1174 1869 ironia
1217 1825 1316 1882 plus
1358 1840 1491 1882 quam
1533 1824 1743 1867 humana.
1782 1822 1924 1878 Magis

238 1901 344 1944 baec
377 1901 529 1945 decent
562 1901 804 1945 Platonem.
838 1901 881 1945 Is
913 1901 1021 1945 haec
1052 1901 1300 1958 composuit
1338 1906 1385 1944 ut
1415 1899 1711 1943 Athenienses
1737 1896 1924 1942 ludibrio

238 1976 418 2020 baberet
449 1964 590 2020 ironia
622 1977 696 2021 illa
730 1976 808 2019 viri
843 1976 1142 2020 urbanissimi.
1181 1976 1303 2020 Ficta
1334 1991 1438 2032 ergo
1466 1975 1594 2018 nobis
1627 1974 1799 2018 videtur
1817 1973 1925 2017 baec

239 2051 491 2108 disputatio.
526 2052 583 2095 At
613 2053 729 2096 unde
763 2052 991 2097 materiem
1020 2052 1242 2108 sumpsit?
1268 2052 1586 2109 Comparemus
1613 2066 1711 2094 cum
1730 2049 1925 2094 Platonis

238 2128 382 2171 verbis
415 2128 557 2171 locum
592 2145 613 2172 e
646 2128 775 2172 Mem.
811 2127 940 2182 Xen.,
973 2128 1047 2186 qui
1083 2127 1353 2172 multimodis
1386 2127 1544 2184 dignus
1573 2132 1635 2170 est
1661 2141 1791 2183 quem
1811 2140 1924 2168 com-

239 2219 545 2252 memoremus.
580 2203 609 2247 Ῑ.
645 2204 686 2247 2.
720 2205 795 2248 61:
833 2206 939 2244 Ἀλλὰ
972 2206 1190 2256 Σωκράτης
1223 2220 1264 2256 γε
1297 2204 1362 2243 καὶ
1382 2206 1479 2254 πρὸς
1497 2205 1588 2250 τοὺς
1605 2202 1748 2250 ἄλλους
1766 2202 1925 2252 ἀνθρώ-

175 2313 181 2318 .
237 2297 339 2328 πους
371 2282 520 2331 κόσμον
552 2288 597 2335 τῇ
631 2283 737 2320 πόλει
771 2285 941 2332 παρεῖχε,
972 2285 1103 2336 πολλῷ
1137 2284 1285 2331 μᾶλλον
1313 2279 1337 2332 ἢ
1366 2277 1490 2332 Λίχας
1518 2287 1562 2333 τῇ
1582 2279 1929 2329 Λακεδαιμονίων,

240 2354 282 2404 ὃς
324 2355 542 2408 ὀνομαστὸς
580 2357 643 2396 ἐπὶ
669 2359 793 2413 τούτῳ
826 2357 974 2409 γέγονε.
1008 2359 1134 2408 Λίχας
1168 2356 1239 2407 μὲν
1271 2357 1344 2408 γὰρ
1377 2361 1459 2403 ταῖς
1491 2352 1805 2408 γυμνοπαιδίαις
1836 2353 1927 2400 τοὺς

240 2431 532 2483 ἐπιδημοῦντας
574 2434 615 2473 ἐν
648 2435 923 2484 Λακεδαίμονι
957 2433 1094 2481 ξένους
1127 2433 1332 2481 ἐδείπνιζε,
1359 2433 1575 2483 Σωκράτης
1607 2430 1649 2471 δὲ
1681 2430 1747 2469 διὰ
1778 2428 1925 2475 παντὸς

240 2514 309 2547 τοῦ
355 2509 447 2559 βίου
493 2510 538 2547 τὰ
584 2509 728 2548 ἑαυτοῦ
777 2510 970 2548 δαπανῶν
1019 2508 1063 2547 τὰ
1109 2507 1268 2560 μέγιστα
1316 2510 1468 2554 πάντας
1515 2508 1607 2554 τοὺς
1653 2504 1925 2558 βουλομένους

242 2582 394 2631 ὠφέλει·
441 2585 617 2634 βελτίους
659 2584 732 2635 γὰρ
774 2591 902 2623 ποιῶν
949 2585 1040 2631 τοὺς
1089 2583 1426 2635 συγγιγνομένους
1473 2582 1715 2632 ἀπέπεμπεν.
1763 2577 1926 2622 Deinde

242 2656 491 2714 Xenophon
532 2685 581 2689 —
613 2659 836 2715 paulisper
884 2662 1082 2701 moratus
1131 2656 1319 2700 fortasse
1358 2681 1407 2686 —
1442 2655 1504 2699 sic
1551 2655 1741 2699 scribere
1788 2652 1925 2710 pergit

241 2746 414 2777 novam
455 2736 739 2778 sententiam
772 2733 990 2790 aperiens,
1020 2748 1132 2790 quae
1166 2731 1346 2775 omnino
1379 2731 1601 2792 contraria
1632 2734 1698 2773 est
1730 2726 1923 2785 opinioni

243 2807 604 2852 Atheniensium:
636 2810 773 2861 Ἐμοὶ
802 2809 892 2861 μὲν
922 2810 970 2861 δὴ
1007 2811 1221 2861 Σωκράτης
1257 2815 1434 2856 τοιοῦτος
1466 2807 1521 2847 ὢν
1552 2806 1653 2858 (vid.
1688 2803 1925 2862 particulas

245 2882 331 2926 Vim
378 2883 604 2937 addentes)
651 2885 777 2924 ἐδόκει
829 2891 942 2935 τιμῆς
990 2884 1095 2932 ἄξιος
1140 2881 1242 2923 εἶναι
1274 2891 1319 2938 τῇ
1352 2884 1462 2923 πόλει
1493 2887 1642 2931 μᾶλλον
1674 2881 1698 2933 ἢ
1730 2881 1923 2919 θανάτου.

243 2958 361 3002 Idem
394 2959 450 3002 54
482 2959 564 3001 sub
599 2958 751 3002 finem:
788 2967 910 2999 ταῦτα
945 2960 985 2999 δὲ
1017 2962 1198 3010 πράττων
1228 2966 1310 3006 πῶς
1343 2960 1390 2998 οὐ
1419 2960 1589 3011 μεγάλης
1616 2957 1724 3005 ἄξιος
1747 2953 1796 3007 ἦν
1814 2961 1923 3005 τιμῆς

2007 243 2013 257 „.
2004 215 2006 218 ψ
1983 0 2019 189 ΛΜ
