2019 3299
900 187 953 230 87

93 330 203 373 quae
239 313 406 356 videtui·
437 328 463 356 a
495 312 677 356 Platone
710 317 799 354 tota
829 315 964 355 embra
992 327 1194 356 causam
1221 313 1413 356 additam
1432 328 1540 361 esse,
1560 312 1768 368 aequales

92 391 296 434 certiores
345 387 483 431 facere
521 387 704 431 debebat
742 387 792 429 de
826 386 889 429 ira
922 387 1060 443 deque
1093 387 1240 429 animo
1275 386 1447 436 infesto,
1481 403 1609 443 quem
1645 387 1767 429 multi

91 465 384 509 Athenienses
415 463 575 506 iniuria
607 462 648 505 in
683 462 908 505 Socratem
942 462 1164 518 gerebant.

150 540 279 583 Nunc
312 543 459 582 autem
493 538 546 581 ad
580 537 713 581 aliam
747 529 1049 594 quaestionem
1085 536 1386 580 transibimus.

149 616 358 658 Videmus
406 614 521 668 apud
568 613 804 668 scriptores
855 617 1027 655 nostros
1062 611 1254 655 >crimina
1302 627 1387 654 non
1430 613 1581 655 eodem
1624 612 1767 659 inodo,

92 692 242 735 eodem
290 689 439 733 ordine
492 688 752 732 enumerari.
810 690 914 731 Uter
969 689 1183 731 ordinem
1229 688 1540 731 immutavit?
1593 686 1768 729 Auxilio

90 766 213 810 nobis
263 764 375 808 venit
418 763 635 819 Diogenes
678 763 875 806 Laertius
910 763 961 805 ΙΙ.
995 763 1052 806 40
1096 762 1168 819 qui
1212 762 1434 805 Favorino
1477 767 1652 805 auctore
1684 778 1769 805 ser—

93 842 224 891 vavit,
267 855 379 898 quae
411 838 597 882 Athenis
645 838 686 881 in
721 838 828 882 actis
862 838 1067 888 iudicum,
1109 843 1153 880 ut
1189 837 1249 881 ita
1275 837 1429 885 dicam,
1464 838 1600 881 relata
1633 843 1770 881 erant.

90 917 325 961 Accusatio
374 916 490 959 hisce
539 915 682 958 verbis
729 916 960 959 constabat
985 915 1038 965 ¹):
1086 916 1222 955 ἀδικεῖ
1261 917 1493 967 Σωκράτης,
1539 914 1608 963 οὓς
1646 915 1769 967 μὲνὴ

87 995 199 1041 πόλις
239 994 385 1044 νομίζει
420 993 544 1039 θεοὺς
586 992 634 1032 οὐ
669 994 853 1042 νομίζων,
885 991 993 1042 ἕτερα
1028 990 1070 1030 δὲ
1102 990 1221 1030 καινὰ
1253 992 1442 1041 δαιμόνια
1474 991 1771 1043 εἰσηγούμενος·

87 1070 220 1110 ἀδικεῖ
246 1069 288 1109 δὲ
318 1068 384 1108 καὶ
414 1069 506 1116 τοὺς
538 1068 654 1116 νέους
687 1069 950 1118 διαφθείρων.

147 1143 302 1187 Utrum
344 1142 474 1199 igitur
505 1142 557 1185 de
589 1141 885 1198 Xenophonte
918 1157 973 1184 an
1008 1141 1058 1184 de
1092 1140 1274 1184 Platone
1303 1140 1411 1183 haec
1445 1140 1769 1189 dissimilitudo,

90 1235 221 1276 quam
270 1218 399 1261 modo
448 1217 803 1266 memoravimus,
854 1232 934 1259 nos
982 1216 1241 1260 addubitare
1275 1220 1413 1272 cogat,
1453 1215 1567 1259 haud
1601 1215 1771 1259 difficile

91 1294 265 1351 cognitu
304 1301 384 1337 est.
418 1294 513 1338 Hac
544 1310 717 1351 quoque
751 1294 792 1336 in
827 1309 870 1337 re
904 1293 1212 1350 Xenophontis
1245 1293 1352 1336 fides
1384 1292 1594 1336 historica
1626 1298 1773 1336 manet

88 1370 264 1413 intacta.
297 1370 472 1413 Accedit
506 1370 621 1427 quod
656 1370 696 1412 in
732 1369 861 1413 Meni.
896 1369 926 1412 I.
965 1371 1000 1412 1.
1037 1371 1073 1412 1.
1108 1384 1193 1412 non
1228 1369 1339 1411 sicut
1367 1368 1407 1411 in
1428 1368 1555 1425 Apol.
1574 1368 1772 1411 oratione

89 1445 279 1502 obliqua,
308 1445 382 1488 sed
416 1444 614 1488 oratione
647 1450 777 1494 recta,
813 1449 984 1501 praeter
1019 1460 1150 1487 unum
1188 1444 1368 1487 verbum
1401 1443 1553 1487 eadem
1584 1443 1771 1499 legimus

88 1538 199 1578 quae
231 1522 361 1579 apud.
394 1521 518 1577 Diog.
554 1521 598 1564 L.
636 1521 797 1564 Deinde
831 1526 871 1564 et
904 1520 947 1563 in
980 1520 1108 1577 Apol.
1142 1520 1256 1563 Xen.
1288 1524 1325 1563 et
1361 1519 1401 1562 in
1432 1520 1561 1563 Mem.
1589 1519 1789 1581 criminav

87 1598 239 1641 eodeni
272 1597 421 1640 ordine
454 1597 714 1646 refutantur,
747 1596 933 1654 primum
967 1596 1129 1639 crimen
1158 1595 1409 1653 impietatis,
1438 1595 1591 1639 deinde
1609 1594 1769 1638 crimen

87 1673 297 1716 iuvenum
330 1676 647 1729 corruptorum.

145 1749 369 1793 Socratem
404 1748 549 1792 autem
578 1749 851 1792 Platonicum
881 1748 1060 1791 liberius
1086 1747 1205 1804 loqui
1242 1762 1381 1804 neque
1409 1751 1610 1790 accurate
1639 1746 1773 1789 verba

86 1824 219 1868 libelli
266 1823 425 1868 referre
466 1824 551 1867 iam
595 1824 742 1868 statim
778 1839 1006 1867 monemur
1039 1823 1204 1866 verbis:
1240 1825 1314 1875 ἔχει
1347 1822 1388 1862 δέ
1419 1838 1502 1870 πως
1537 1819 1623 1862 ὧδε.
1657 1821 1770 1871 Quid

87 1899 315 1943 dicendum
345 1905 410 1944 est
438 1900 489 1943 de
517 1915 589 1942 reo
618 1900 690 1957 qui
716 1899 947 1943 criminum
967 1899 1163 1942 ordinem
1183 1898 1395 1941 invertit‘?
1423 1896 1535 1948 Quid
1554 1902 1700 1940 autem
1720 1897 1771 1940 de

88 1991 158 2018 reo
201 1974 274 2031 qui
318 1981 405 2018 tam
450 1975 718 2031 negligenter
760 1976 810 2018 de
844 1975 941 2031 ipsa
973 1973 1255 2018 accusatione
1288 1972 1514 2029 loquitur?
1548 1972 1678 2015 Haud
1712 1972 1773 2015 ita

86 2050 255 2093 difficile
296 2054 387 2093 erat
432 2051 568 2093 verba
609 2049 761 2099 libelli,
806 2065 920 2106 quae
954 2048 1143 2092 breviter
1169 2052 1381 2104 concepta
1414 2052 1553 2096 erant,
1585 2047 1771 2090 retinere

85 2125 310 2169 memoria.
344 2125 485 2182 Magis
517 2124 721 2168 credibile
755 2130 819 2168 est
847 2141 899 2168 ea
929 2125 1061 2168 verba
1090 2124 1262 2180 penitus
1290 2123 1331 2166 in
1361 2128 1506 2166 mente
1525 2122 1771 2166 inhaesisse

85 2217 171 2251 reo,
196 2201 269 2258 qui
297 2201 388 2244 iure
416 2200 600 2244 iurando
628 2199 886 2256 interposito
916 2202 956 2239 ἐν
983 2209 1029 2256 τῇ
1056 2201 1279 2255 ἀντωμοσίᾳ
1308 2199 1587 2242 contenderat
1612 2198 1770 2242 falsam

85 2292 181 2320 esse
214 2291 310 2320 eam
343 2276 683 2320 accusationem.
723 2275 846 2319 Talis
882 2275 1012 2331 igitur
1044 2274 1205 2318 locutio
1237 2301 1287 2306 —-
1317 2278 1391 2327 ἔχει
1424 2275 1466 2315 δέ
1497 2291 1580 2322 πως
1607 2270 1683 2314 ὧὸε
1708 2299 1741 2302 -
1761 2307 1770 2323 ‚

86 2367 198 2408 quae
244 2353 386 2409 specie
435 2352 599 2395 nullius
649 2352 857 2396 momenti
901 2368 997 2395 esse
1043 2352 1224 2401 videtur,
1268 2366 1312 2393 re
1358 2366 1461 2394 vera
1502 2366 1581 2393 nos
1625 2356 1771 2393 monet

85 2429 207 2485 sequi
240 2429 402 2487 aliquid
431 2429 593 2473 falsum
628 2434 667 2471 et
701 2429 1070 2472 commenticium.
1100 2428 1241 2471 Nobis
1270 2427 1476 2470 indicium
1505 2431 1596 2469 est:
1634 2442 1770 2482 „equo

87 2519 138 2546 ne
185 2505 427 2554 credamus,
476 2506 633 2563 aliquis
683 2507 785 2549 latet
833 2506 998 2548 error.’'
1047 2505 1257 2561 Suspicor
1304 2504 1419 2547 enim
1468 2507 1523 2548 de
1564 2506 1772 2548 consulto

85 2580 313 2624 criminum
355 2583 551 2626 ordinem
594 2583 873 2626 immutatum
916 2598 1026 2625 esse.
1073 2581 1258 2625 Talibus
1291 2586 1439 2624 autem
1474 2580 1618 2624 verbis
1651 2594 1770 2635 prae—

136 2721 159 2762 1)
178 2720 318 2755 Contra
342 2721 567 2756 Schanzium
593 2721 766 2763 (12-16),
791 2720 979 2765 quifidem
1002 2721 1131 2755 horum
1154 2720 1348 2754 verborum
1373 2718 1622 2764 impugnavit,
1647 2717 1772 2752 desen-

87 2791 192 2814 sores
219 2781 447 2816 exstiterunt
468 2781 611 2816 idonei:
637 2782 680 2815 A.
707 2781 869 2820 Mmzm,
898 2780 1237 2823 Untersuchungen
1264 2792 1346 2814 zum
1375 2777 1771 2814 Sokrates-Prozesse.

86 2839 435 2884 Sitzungsberichte
461 2841 494 2875 d.
520 2841 672 2875 Wiener
696 2841 767 2875 Ak.
788 2841 880 2885 phil.
905 2841 992 2875 hist.
1019 2840 1067 2875 kl.
1094 2840 1158 2874 145
1184 2840 1238 2874 ssd
1268 2840 1353 2875 1903
1379 2840 1415 2875 S.
1441 2839 1472 2874 7.

133 2900 171 2935 E.
206 2900 345 2935 Memmi
381 2902 516 2936 Gesch.
553 2902 619 2935 (les
656 2902 865 2936 Altertums
906 2901 946 2935 V.
981 2901 1058 2935 227.
1094 2901 1185 2935 Cum
1218 2901 1277 2935 his
1304 2901 1424 2935 faeere
1451 2900 1558 2934 video
1584 2898 1629 2932 H.
1656 2894 1772 2932 Maier

89 2961 111 2994 l.
136 2961 158 2995 1.
183 2961 259 2996 467.
