<?xml version="1.0" encoding="UTF-8"?>
<!DOCTYPE html PUBLIC "-//W3C//DTD XHTML 1.0 Transitional//EN"
    "http://www.w3.org/TR/xhtml1/DTD/xhtml1-transitional.dtd">
<html xmlns="http://www.w3.org/1999/xhtml" xml:lang="en" lang="en">
 <head>
  <title>
</title>
<meta http-equiv="Content-Type" content="text/html;charset=utf-8" />
  <meta name='ocr-system' content='tesseract 3.04.00' />
  <meta name='ocr-capabilities' content='ocr_page ocr_carea ocr_par ocr_line ocrx_word'/>
</head>
<body>
  <div class='ocr_page' id='page_1' title='image "./deapologiaxenoph00vrijuoft_0065.png"; bbox 0 0 2019 3299; ppageno 0'>
   <div class='ocr_carea' id='block_1_1' title="bbox 928 192 980 234">
    <p class='ocr_par' dir='ltr' id='par_1_1' title="bbox 928 192 980 234">
     <span class='ocr_line' id='line_1_1' title="bbox 928 192 980 234; baseline 0 0"><span class='ocrx_word' id='word_1_1' title='bbox 928 192 980 234; x_wconf 77' lang='lat'>41</span> 
     </span>
    </p>
   </div>
   <div class='ocr_carea' id='block_1_2' title="bbox 114 314 1804 3002">
    <p class='ocr_par' dir='ltr' id='par_1_2' title="bbox 114 314 1792 667">
     <span class='ocr_line' id='line_1_2' title="bbox 115 314 1790 374; baseline -0.004 -12"><span class='ocrx_word' id='word_1_2' title='bbox 115 323 156 362; x_wconf 90' lang='lat' dir='ltr'>et</span> <span class='ocrx_word' id='word_1_3' title='bbox 183 317 493 374; x_wconf 76' lang='lat' dir='ltr'>interpretatio,</span> <span class='ocrx_word' id='word_1_4' title='bbox 515 317 674 374; x_wconf 90' lang='lat' dir='ltr'>quibus</span> <span class='ocrx_word' id='word_1_5' title='bbox 691 316 916 359; x_wconf 76' lang='lat' dir='ltr'>Phaedrus</span> <span class='ocrx_word' id='word_1_6' title='bbox 933 316 1137 359; x_wconf 88' lang='lat' dir='ltr'>doceatur</span> <span class='ocrx_word' id='word_1_7' title='bbox 1155 316 1205 358; x_wconf 92' lang='lat' dir='ltr'>de</span> <span class='ocrx_word' id='word_1_8' title='bbox 1224 315 1445 358; x_wconf 92' lang='lat' dir='ltr'>daemonii</span> <span class='ocrx_word' id='word_1_9' title='bbox 1462 314 1790 363; x_wconf 76' lang='lat' dir='ltr'>intercessione,</span> 
     </span>
     <span class='ocr_line' id='line_1_3' title="bbox 116 388 1790 447; baseline -0.003 -11"><span class='ocrx_word' id='word_1_10' title='bbox 116 397 156 437; x_wconf 87' lang='lat' dir='ltr'>et</span> <span class='ocrx_word' id='word_1_11' title='bbox 185 392 424 436; x_wconf 80' lang='lat' dir='ltr'>admonitio</span> <span class='ocrx_word' id='word_1_12' title='bbox 457 392 531 435; x_wconf 86' lang='lat' dir='ltr'>illa</span> <span class='ocrx_word' id='word_1_13' title='bbox 562 391 780 435; x_wconf 86' lang='lat' dir='ltr'>daemonii</span> <span class='ocrx_word' id='word_1_14' title='bbox 816 391 933 434; x_wconf 88' lang='lat' dir='ltr'>hisce</span> <span class='ocrx_word' id='word_1_15' title='bbox 962 390 1106 434; x_wconf 87' lang='lat' dir='ltr'>verbis</span> <span class='ocrx_word' id='word_1_16' title='bbox 1133 390 1373 447; x_wconf 88' lang='lat' dir='ltr'>respicitur.</span> <span class='ocrx_word' id='word_1_17' title='bbox 1402 389 1538 445; x_wconf 83' lang='lat' dir='ltr'>Igitur</span> <span class='ocrx_word' id='word_1_18' title='bbox 1565 388 1790 432; x_wconf 88' lang='lat' dir='ltr'>divinandi</span> 
     </span>
     <span class='ocr_line' id='line_1_4' title="bbox 114 464 1792 522; baseline -0.003 -10"><span class='ocrx_word' id='word_1_19' title='bbox 114 468 190 512; x_wconf 88' lang='lat' dir='ltr'>illa</span> <span class='ocrx_word' id='word_1_20' title='bbox 219 467 406 511; x_wconf 86' lang='lat' dir='ltr'>facultas</span> <span class='ocrx_word' id='word_1_21' title='bbox 426 493 474 498; x_wconf 89' lang='lat'>——</span> <span class='ocrx_word' id='word_1_22' title='bbox 495 469 631 517; x_wconf 76' lang='grc' dir='ltr'><em>μάντις</em></span> <span class='ocrx_word' id='word_1_23' title='bbox 651 493 701 498; x_wconf 88' lang='grc'><strong>-</strong></span> <span class='ocrx_word' id='word_1_24' title='bbox 722 482 807 509; x_wconf 93' lang='lat' dir='ltr'>non</span> <span class='ocrx_word' id='word_1_25' title='bbox 827 466 1097 522; x_wconf 85' lang='lat' dir='ltr'>seiungenda</span> <span class='ocrx_word' id='word_1_26' title='bbox 1123 470 1188 508; x_wconf 89' lang='lat' dir='ltr'>est</span> <span class='ocrx_word' id='word_1_27' title='bbox 1221 481 1247 508; x_wconf 92' lang='lat' dir='ltr'>a</span> <span class='ocrx_word' id='word_1_28' title='bbox 1278 464 1523 508; x_wconf 88' lang='lat' dir='ltr'>daemonio.</span> <span class='ocrx_word' id='word_1_29' title='bbox 1556 465 1661 508; x_wconf 76' lang='lat' dir='ltr'>Hac</span> <span class='ocrx_word' id='word_1_30' title='bbox 1686 478 1792 519; x_wconf 65' lang='lat' dir='ltr'>erqo</span> 
     </span>
     <span class='ocr_line' id='line_1_5' title="bbox 117 538 1792 598; baseline -0.003 -11"><span class='ocrx_word' id='word_1_31' title='bbox 117 558 173 588; x_wconf 75' lang='lat' dir='ltr'>em</span> <span class='ocrx_word' id='word_1_32' title='bbox 217 546 353 598; x_wconf 75' lang='lat' dir='ltr'>parte</span> <span class='ocrx_word' id='word_1_33' title='bbox 396 556 492 587; x_wconf 76' lang='lat' dir='ltr'>non</span> <span class='ocrx_word' id='word_1_34' title='bbox 538 544 831 586; x_wconf 71' lang='lat' dir='ltr'>assentimur</span> <span class='ocrx_word' id='word_1_35' title='bbox 865 543 1079 585; x_wconf 78' lang='lat' dir='ltr'>Maierio.</span> <span class='ocrx_word' id='word_1_36' title='bbox 1113 540 1160 584; x_wconf 84' lang='lat' dir='ltr'>Si</span> <span class='ocrx_word' id='word_1_37' title='bbox 1192 555 1264 583; x_wconf 89' lang='lat' dir='ltr'>ars</span> <span class='ocrx_word' id='word_1_38' title='bbox 1297 539 1522 583; x_wconf 85' lang='lat' dir='ltr'>divinandi</span> <span class='ocrx_word' id='word_1_39' title='bbox 1555 555 1580 583; x_wconf 87' lang='lat' dir='ltr'>a</span> <span class='ocrx_word' id='word_1_40' title='bbox 1613 538 1792 582; x_wconf 86' lang='lat' dir='ltr'>Socrate</span> 
     </span>
     <span class='ocr_line' id='line_1_6' title="bbox 118 616 1063 667; baseline -0.003 -5"><span class='ocrx_word' id='word_1_41' title='bbox 118 622 350 667; x_wconf 87' lang='lat' dir='ltr'>exercetur,</span> <span class='ocrx_word' id='word_1_42' title='bbox 384 618 465 661; x_wconf 90' lang='lat' dir='ltr'>hoc</span> <span class='ocrx_word' id='word_1_43' title='bbox 496 633 582 660; x_wconf 90' lang='lat' dir='ltr'>non</span> <span class='ocrx_word' id='word_1_44' title='bbox 615 617 708 661; x_wconf 91' lang='lat' dir='ltr'>sine</span> <span class='ocrx_word' id='word_1_45' title='bbox 741 617 970 660; x_wconf 88' lang='lat' dir='ltr'>daemonio</span> <span class='ocrx_word' id='word_1_46' title='bbox 1003 616 1063 659; x_wconf 90' lang='lat' dir='ltr'>fit.</span> 
     </span>
    </p>

    <p class='ocr_par' dir='ltr' id='par_1_3' title="bbox 115 689 1796 1276">
     <span class='ocr_line' id='line_1_7' title="bbox 172 689 1792 749; baseline -0.002 -13"><span class='ocrx_word' id='word_1_47' title='bbox 172 692 348 736; x_wconf 90' lang='lat' dir='ltr'>Idemne</span> <span class='ocrx_word' id='word_1_48' title='bbox 389 692 520 749; x_wconf 86' lang='lat' dir='ltr'>igitur</span> <span class='ocrx_word' id='word_1_49' title='bbox 560 693 600 732; x_wconf 84' lang='grc' dir='ltr'>τὸ</span> <span class='ocrx_word' id='word_1_50' title='bbox 642 694 832 743; x_wconf 81' lang='grc' dir='ltr'><strong><em>μαντικὸν</em></strong></span> <span class='ocrx_word' id='word_1_51' title='bbox 864 699 930 743; x_wconf 77' lang='grc' dir='ltr'>τῆς</span> <span class='ocrx_word' id='word_1_52' title='bbox 960 699 1093 743; x_wconf 77' lang='grc' dir='ltr'><strong><em>ψυχῆς</em></strong></span> <span class='ocrx_word' id='word_1_53' title='bbox 1125 695 1166 734; x_wconf 85' lang='lat' dir='ltr'>et</span> <span class='ocrx_word' id='word_1_54' title='bbox 1198 689 1516 734; x_wconf 76' lang='lat' dir='ltr'>daemonium?</span> <span class='ocrx_word' id='word_1_55' title='bbox 1549 689 1596 733; x_wconf 87' lang='lat' dir='ltr'>Si</span> <span class='ocrx_word' id='word_1_56' title='bbox 1629 689 1692 733; x_wconf 88' lang='lat' dir='ltr'>ita</span> <span class='ocrx_word' id='word_1_57' title='bbox 1723 705 1792 732; x_wconf 92' lang='lat' dir='ltr'>res</span> 
     </span>
     <span class='ocr_line' id='line_1_8' title="bbox 116 765 1792 822; baseline -0.002 -11"><span class='ocrx_word' id='word_1_58' title='bbox 116 784 163 812; x_wconf 91' lang='lat' dir='ltr'>se</span> <span class='ocrx_word' id='word_1_59' title='bbox 209 767 382 816; x_wconf 87' lang='lat' dir='ltr'>habeat,</span> <span class='ocrx_word' id='word_1_60' title='bbox 430 783 516 810; x_wconf 90' lang='lat' dir='ltr'>non</span> <span class='ocrx_word' id='word_1_61' title='bbox 563 767 642 811; x_wconf 89' lang='lat' dir='ltr'>abs</span> <span class='ocrx_word' id='word_1_62' title='bbox 688 782 733 810; x_wconf 91' lang='lat' dir='ltr'>re</span> <span class='ocrx_word' id='word_1_63' title='bbox 775 767 827 810; x_wconf 83' lang='lat' dir='ltr'>sit</span> <span class='ocrx_word' id='word_1_64' title='bbox 871 766 1067 810; x_wconf 89' lang='lat' dir='ltr'>conferre</span> <span class='ocrx_word' id='word_1_65' title='bbox 1099 766 1240 810; x_wconf 90' lang='lat' dir='ltr'>locum</span> <span class='ocrx_word' id='word_1_66' title='bbox 1275 781 1325 809; x_wconf 86' lang='lat' dir='ltr'>ex</span> <span class='ocrx_word' id='word_1_67' title='bbox 1358 765 1485 822; x_wconf 85' lang='lat' dir='ltr'>Apol.</span> <span class='ocrx_word' id='word_1_68' title='bbox 1518 765 1629 808; x_wconf 85' lang='lat' dir='ltr'>Plat.</span> <span class='ocrx_word' id='word_1_69' title='bbox 1667 765 1724 809; x_wconf 79' lang='lat'>40</span> <span class='ocrx_word' id='word_1_70' title='bbox 1742 765 1792 815; x_wconf 85' lang='lat' dir='ltr'>B,</span> 
     </span>
     <span class='ocr_line' id='line_1_9' title="bbox 116 841 1796 899; baseline -0.005 -12"><span class='ocrx_word' id='word_1_71' title='bbox 116 843 190 887; x_wconf 90' lang='lat' dir='ltr'>ubi</span> <span class='ocrx_word' id='word_1_72' title='bbox 231 841 509 886; x_wconf 90' lang='lat' dir='ltr'>daemonium</span> <span class='ocrx_word' id='word_1_73' title='bbox 552 842 785 886; x_wconf 79' lang='lat' dir='ltr'>identidem</span> <span class='ocrx_word' id='word_1_74' title='bbox 828 842 871 885; x_wconf 92' lang='lat' dir='ltr'>in</span> <span class='ocrx_word' id='word_1_75' title='bbox 905 858 1106 886; x_wconf 82' lang='lat' dir='ltr'>sermone</span> <span class='ocrx_word' id='word_1_76' title='bbox 1137 857 1383 899; x_wconf 86' lang='lat' dir='ltr'>repugnare</span> <span class='ocrx_word' id='word_1_77' title='bbox 1415 845 1639 885; x_wconf 87' lang='lat' dir='ltr'>narratur:</span> <span class='ocrx_word' id='word_1_78' title='bbox 1671 843 1796 880; x_wconf 77' lang='grc' dir='ltr'><strong><em>καίτοι</em></strong></span> 
     </span>
     <span class='ocr_line' id='line_1_10' title="bbox 115 916 1794 973; baseline 0.001 -15"><span class='ocrx_word' id='word_1_79' title='bbox 115 919 156 959; x_wconf 80' lang='grc' dir='ltr'>ἕν</span> <span class='ocrx_word' id='word_1_80' title='bbox 201 918 331 966; x_wconf 76' lang='grc' dir='ltr'><em>ἄλλοις</em></span> <span class='ocrx_word' id='word_1_81' title='bbox 376 920 506 971; x_wconf 82' lang='grc' dir='ltr'><em>λόγοις</em></span> <span class='ocrx_word' id='word_1_82' title='bbox 543 923 740 970; x_wconf 78' lang='grc' dir='ltr'><em>πολλαχοῦ</em></span> <span class='ocrx_word' id='word_1_83' title='bbox 784 920 833 969; x_wconf 79' lang='grc' dir='ltr'>δή</span> <span class='ocrx_word' id='word_1_84' title='bbox 877 935 922 968; x_wconf 84' lang='grc' dir='ltr'>με</span> <span class='ocrx_word' id='word_1_85' title='bbox 963 918 1096 970; x_wconf 82' lang='grc' dir='ltr'>ἐπέσχε</span> <span class='ocrx_word' id='word_1_86' title='bbox 1138 918 1300 971; x_wconf 81' lang='grc' dir='ltr'><em>λέγοντα</em></span> <span class='ocrx_word' id='word_1_87' title='bbox 1343 919 1500 968; x_wconf 78' lang='grc' dir='ltr'><em>μεταξύ,</em></span> <span class='ocrx_word' id='word_1_88' title='bbox 1532 916 1794 973; x_wconf 81' lang='lat' dir='ltr'>quibuscum</span> 
     </span>
     <span class='ocr_line' id='line_1_11' title="bbox 118 992 1795 1047; baseline -0.004 -11"><span class='ocrx_word' id='word_1_89' title='bbox 118 993 368 1037; x_wconf 71' lang='lat' dir='ltr'>conferatur</span> <span class='ocrx_word' id='word_1_90' title='bbox 399 993 441 1036; x_wconf 81' lang='lat' dir='ltr'>in</span> <span class='ocrx_word' id='word_1_91' title='bbox 474 992 660 1036; x_wconf 72' lang='lat' dir='ltr'>Phaedr.</span> <span class='ocrx_word' id='word_1_92' title='bbox 692 992 777 1036; x_wconf 69' lang='lat'>242</span> <span class='ocrx_word' id='word_1_93' title='bbox 797 992 828 1036; x_wconf 89' lang='lat' dir='ltr'>C</span> <span class='ocrx_word' id='word_1_94' title='bbox 861 993 924 1043; x_wconf 76' lang='grc' dir='ltr'>ἐμὲ</span> <span class='ocrx_word' id='word_1_95' title='bbox 955 995 1028 1047; x_wconf 74' lang='grc' dir='ltr'>γὰρ</span> <span class='ocrx_word' id='word_1_96' title='bbox 1060 994 1202 1045; x_wconf 78' lang='grc' dir='ltr'><em>ἔθραξε</em></span> <span class='ocrx_word' id='word_1_97' title='bbox 1233 993 1305 1044; x_wconf 83' lang='grc' dir='ltr'>μέν</span> <span class='ocrx_word' id='word_1_98' title='bbox 1337 1010 1371 1032; x_wconf 83' lang='grc' dir='ltr'>τι</span> <span class='ocrx_word' id='word_1_99' title='bbox 1396 993 1461 1032; x_wconf 82' lang='grc' dir='ltr'>καὶ</span> <span class='ocrx_word' id='word_1_100' title='bbox 1487 994 1608 1032; x_wconf 80' lang='grc' dir='ltr'><em>πάλαι</em></span> <span class='ocrx_word' id='word_1_101' title='bbox 1633 992 1795 1043; x_wconf 82' lang='grc' dir='ltr'><em>λέγοντα</em></span> 
     </span>
     <span class='ocr_line' id='line_1_12' title="bbox 115 1066 1794 1125; baseline -0.001 -16"><span class='ocrx_word' id='word_1_102' title='bbox 115 1071 182 1109; x_wconf 84' lang='grc' dir='ltr'>τὸν</span> <span class='ocrx_word' id='word_1_103' title='bbox 212 1070 342 1122; x_wconf 77' lang='grc' dir='ltr'><em>λόγον.</em></span> <span class='ocrx_word' id='word_1_104' title='bbox 375 1068 544 1119; x_wconf 84' lang='lat' dir='ltr'>Quibus</span> <span class='ocrx_word' id='word_1_105' title='bbox 577 1068 620 1111; x_wconf 92' lang='lat' dir='ltr'>in</span> <span class='ocrx_word' id='word_1_106' title='bbox 653 1068 795 1112; x_wconf 84' lang='lat' dir='ltr'>verbis</span> <span class='ocrx_word' id='word_1_107' title='bbox 828 1068 958 1112; x_wconf 87' lang='lat' dir='ltr'>etiam</span> <span class='ocrx_word' id='word_1_108' title='bbox 993 1068 1241 1112; x_wconf 88' lang='lat' dir='ltr'>addubitari</span> <span class='ocrx_word' id='word_1_109' title='bbox 1274 1072 1415 1125; x_wconf 89' lang='lat' dir='ltr'>potest</span> <span class='ocrx_word' id='word_1_110' title='bbox 1443 1082 1555 1124; x_wconf 88' lang='lat' dir='ltr'>quae</span> <span class='ocrx_word' id='word_1_111' title='bbox 1583 1066 1639 1109; x_wconf 87' lang='lat' dir='ltr'>sit</span> <span class='ocrx_word' id='word_1_112' title='bbox 1665 1066 1794 1122; x_wconf 88' lang='lat' dir='ltr'>signi-</span> 
     </span>
     <span class='ocr_line' id='line_1_13' title="bbox 115 1143 1796 1201; baseline 0 -15"><span class='ocrx_word' id='word_1_113' title='bbox 115 1143 259 1187; x_wconf 89' lang='lat' dir='ltr'>ficatio</span> <span class='ocrx_word' id='word_1_114' title='bbox 291 1143 563 1201; x_wconf 89' lang='lat' dir='ltr'>pronominis</span> <span class='ocrx_word' id='word_1_115' title='bbox 583 1170 628 1174; x_wconf 92' lang='lat'><strong>—</strong></span> <span class='ocrx_word' id='word_1_116' title='bbox 653 1159 708 1187; x_wconf 88' lang='lat' dir='ltr'>an</span> <span class='ocrx_word' id='word_1_117' title='bbox 737 1144 968 1187; x_wconf 77' lang='lat' dir='ltr'>adverbii?</span> <span class='ocrx_word' id='word_1_118' title='bbox 999 1171 1048 1175; x_wconf 94' lang='lat'><strong>—</strong></span> <span class='ocrx_word' id='word_1_119' title='bbox 1077 1162 1125 1187; x_wconf 80' lang='grc' dir='ltr'>τι.</span> <span class='ocrx_word' id='word_1_120' title='bbox 1154 1143 1288 1187; x_wconf 87' lang='lat' dir='ltr'>Estne</span> <span class='ocrx_word' id='word_1_121' title='bbox 1316 1143 1464 1186; x_wconf 87' lang='lat' dir='ltr'>anima</span> <span class='ocrx_word' id='word_1_122' title='bbox 1491 1157 1603 1199; x_wconf 88' lang='lat' dir='ltr'>quae</span> <span class='ocrx_word' id='word_1_123' title='bbox 1630 1145 1796 1198; x_wconf 75' lang='lat' dir='ltr'>aliqua</span> 
     </span>
     <span class='ocr_line' id='line_1_14' title="bbox 117 1217 1722 1276; baseline -0.002 -13"><span class='ocrx_word' id='word_1_124' title='bbox 117 1233 174 1263; x_wconf 73' lang='lat' dir='ltr'>ew</span> <span class='ocrx_word' id='word_1_125' title='bbox 205 1222 341 1274; x_wconf 76' lang='lat' dir='ltr'>parte</span> <span class='ocrx_word' id='word_1_126' title='bbox 372 1235 470 1262; x_wconf 91' lang='lat' dir='ltr'>eum</span> <span class='ocrx_word' id='word_1_127' title='bbox 505 1218 817 1262; x_wconf 75' lang='lat' dir='ltr'>conturbavit?</span> <span class='ocrx_word' id='word_1_128' title='bbox 850 1219 919 1262; x_wconf 88' lang='lat' dir='ltr'>An</span> <span class='ocrx_word' id='word_1_129' title='bbox 952 1221 1138 1274; x_wconf 74' lang='lat' dir='ltr'>aliquid</span> <span class='ocrx_word' id='word_1_130' title='bbox 1170 1219 1284 1276; x_wconf 91' lang='lat' dir='ltr'>quod</span> <span class='ocrx_word' id='word_1_131' title='bbox 1318 1233 1416 1261; x_wconf 91' lang='lat' dir='ltr'>eum</span> <span class='ocrx_word' id='word_1_132' title='bbox 1450 1217 1722 1270; x_wconf 73' lang='lat' dir='ltr'>commovit?</span> 
     </span>
    </p>

    <p class='ocr_par' dir='ltr' id='par_1_4' title="bbox 116 1292 1799 2026">
     <span class='ocr_line' id='line_1_15' title="bbox 179 1292 1795 1352; baseline -0.001 -15"><span class='ocrx_word' id='word_1_133' title='bbox 179 1294 335 1352; x_wconf 87' lang='lat' dir='ltr'>Utique</span> <span class='ocrx_word' id='word_1_134' title='bbox 382 1295 464 1337; x_wconf 92' lang='lat' dir='ltr'>hoc</span> <span class='ocrx_word' id='word_1_135' title='bbox 503 1294 647 1351; x_wconf 89' lang='lat' dir='ltr'>ipsum</span> <span class='ocrx_word' id='word_1_136' title='bbox 692 1294 797 1338; x_wconf 88' lang='lat' dir='ltr'>mihi</span> <span class='ocrx_word' id='word_1_137' title='bbox 830 1295 985 1338; x_wconf 91' lang='lat' dir='ltr'>mirum</span> <span class='ocrx_word' id='word_1_138' title='bbox 1021 1294 1204 1338; x_wconf 88' lang='lat' dir='ltr'>videtur.</span> <span class='ocrx_word' id='word_1_139' title='bbox 1237 1293 1410 1337; x_wconf 90' lang='lat' dir='ltr'>Etenim</span> <span class='ocrx_word' id='word_1_140' title='bbox 1444 1293 1480 1337; x_wconf 90' lang='lat' dir='ltr'>si</span> <span class='ocrx_word' id='word_1_141' title='bbox 1518 1293 1721 1336; x_wconf 79' lang='lat' dir='ltr'>Socrates</span> <span class='ocrx_word' id='word_1_142' title='bbox 1754 1292 1795 1336; x_wconf 92' lang='lat' dir='ltr'>in</span> 
     </span>
     <span class='ocr_line' id='line_1_16' title="bbox 117 1368 1796 1427; baseline -0.001 -15"><span class='ocrx_word' id='word_1_143' title='bbox 117 1369 312 1413; x_wconf 88' lang='lat' dir='ltr'>oratione</span> <span class='ocrx_word' id='word_1_144' title='bbox 355 1369 676 1427; x_wconf 82' lang='lat' dir='ltr'>dithyrambica</span> <span class='ocrx_word' id='word_1_145' title='bbox 715 1371 926 1426; x_wconf 84' lang='lat' dir='ltr'>peccabat</span> <span class='ocrx_word' id='word_1_146' title='bbox 968 1386 1072 1427; x_wconf 86' lang='lat' dir='ltr'>erga</span> <span class='ocrx_word' id='word_1_147' title='bbox 1109 1370 1251 1420; x_wconf 92' lang='lat' dir='ltr'>deum,</span> <span class='ocrx_word' id='word_1_148' title='bbox 1296 1369 1397 1426; x_wconf 91' lang='lat' dir='ltr'>quid</span> <span class='ocrx_word' id='word_1_149' title='bbox 1430 1373 1520 1413; x_wconf 86' lang='lat' dir='ltr'>erat</span> <span class='ocrx_word' id='word_1_150' title='bbox 1553 1369 1667 1426; x_wconf 89' lang='lat' dir='ltr'>quod</span> <span class='ocrx_word' id='word_1_151' title='bbox 1700 1368 1796 1412; x_wconf 90' lang='lat' dir='ltr'>dae-</span> 
     </span>
     <span class='ocr_line' id='line_1_17' title="bbox 118 1445 1796 1499; baseline -0.003 -10"><span class='ocrx_word' id='word_1_152' title='bbox 118 1445 312 1489; x_wconf 82' lang='lat' dir='ltr'>monium</span> <span class='ocrx_word' id='word_1_153' title='bbox 356 1461 454 1489; x_wconf 79' lang='lat' dir='ltr'>eum</span> <span class='ocrx_word' id='word_1_154' title='bbox 498 1460 582 1489; x_wconf 85' lang='lat' dir='ltr'>non</span> <span class='ocrx_word' id='word_1_155' title='bbox 625 1446 865 1489; x_wconf 73' lang='lat' dir='ltr'>retineret?</span> <span class='ocrx_word' id='word_1_156' title='bbox 906 1448 1047 1487; x_wconf 80' lang='grc' dir='ltr'><strong><em>Καίτοι</em></strong></span> <span class='ocrx_word' id='word_1_157' title='bbox 1086 1446 1127 1486; x_wconf 76' lang='grc' dir='ltr'>ἐν</span> <span class='ocrx_word' id='word_1_158' title='bbox 1169 1446 1301 1494; x_wconf 76' lang='grc' dir='ltr'><em>ἄλλοις</em></span> <span class='ocrx_word' id='word_1_159' title='bbox 1341 1447 1472 1499; x_wconf 82' lang='grc' dir='ltr'><strong><em>λόγοις</em></strong></span> <span class='ocrx_word' id='word_1_160' title='bbox 1511 1449 1710 1497; x_wconf 80' lang='grc' dir='ltr'><em>πολλαχοῦ</em></span> <span class='ocrx_word' id='word_1_161' title='bbox 1748 1445 1796 1496; x_wconf 82' lang='grc' dir='ltr'>δὴ</span> 
     </span>
     <span class='ocr_line' id='line_1_18' title="bbox 116 1518 1796 1576; baseline 0.001 -16"><span class='ocrx_word' id='word_1_162' title='bbox 116 1522 239 1561; x_wconf 82' lang='grc' dir='ltr'><strong>αὐτὸν</strong></span> <span class='ocrx_word' id='word_1_163' title='bbox 270 1521 403 1574; x_wconf 79' lang='grc' dir='ltr'><strong>ἐπέσχε</strong></span> <span class='ocrx_word' id='word_1_164' title='bbox 429 1522 593 1575; x_wconf 76' lang='grc' dir='ltr'><em>λέγοντα</em></span> <span class='ocrx_word' id='word_1_165' title='bbox 624 1524 778 1574; x_wconf 78' lang='grc' dir='ltr'><em>μεταξύ.</em></span> <span class='ocrx_word' id='word_1_166' title='bbox 811 1521 898 1565; x_wconf 88' lang='lat' dir='ltr'>Fac</span> <span class='ocrx_word' id='word_1_167' title='bbox 929 1526 1076 1565; x_wconf 87' lang='lat' dir='ltr'>autem</span> <span class='ocrx_word' id='word_1_168' title='bbox 1104 1520 1383 1564; x_wconf 90' lang='lat' dir='ltr'>daemonium</span> <span class='ocrx_word' id='word_1_169' title='bbox 1412 1520 1450 1564; x_wconf 91' lang='lat' dir='ltr'>ei</span> <span class='ocrx_word' id='word_1_170' title='bbox 1467 1518 1796 1576; x_wconf 82' lang='lat' dir='ltr'>repugnavisse.</span> 
     </span>
     <span class='ocr_line' id='line_1_19' title="bbox 116 1595 1798 1653; baseline -0.001 -14"><span class='ocrx_word' id='word_1_171' title='bbox 116 1595 220 1639; x_wconf 91' lang='lat' dir='ltr'>Inde</span> <span class='ocrx_word' id='word_1_172' title='bbox 262 1601 517 1653; x_wconf 85' lang='lat' dir='ltr'>sequeretur</span> <span class='ocrx_word' id='word_1_173' title='bbox 557 1601 603 1640; x_wconf 93' lang='lat' dir='ltr'>ut</span> <span class='ocrx_word' id='word_1_174' title='bbox 650 1596 854 1641; x_wconf 86' lang='lat' dir='ltr'>Socrates</span> <span class='ocrx_word' id='word_1_175' title='bbox 896 1597 1149 1641; x_wconf 86' lang='lat' dir='ltr'>orationem.</span> <span class='ocrx_word' id='word_1_176' title='bbox 1183 1596 1302 1640; x_wconf 83' lang='lat' dir='ltr'>illam</span> <span class='ocrx_word' id='word_1_177' title='bbox 1336 1611 1422 1639; x_wconf 93' lang='lat' dir='ltr'>non</span> <span class='ocrx_word' id='word_1_178' title='bbox 1455 1599 1509 1639; x_wconf 88' lang='lat' dir='ltr'>ad</span> <span class='ocrx_word' id='word_1_179' title='bbox 1541 1595 1672 1639; x_wconf 83' lang='lat' dir='ltr'>finem</span> <span class='ocrx_word' id='word_1_180' title='bbox 1706 1610 1798 1652; x_wconf 90' lang='lat' dir='ltr'>per-</span> 
     </span>
     <span class='ocr_line' id='line_1_20' title="bbox 117 1671 1795 1730; baseline 0 -16"><span class='ocrx_word' id='word_1_181' title='bbox 117 1671 326 1715; x_wconf 88' lang='lat' dir='ltr'>duxisset.</span> <span class='ocrx_word' id='word_1_182' title='bbox 354 1672 507 1729; x_wconf 88' lang='lat' dir='ltr'>Neque</span> <span class='ocrx_word' id='word_1_183' title='bbox 536 1688 562 1716; x_wconf 91' lang='lat' dir='ltr'>a</span> <span class='ocrx_word' id='word_1_184' title='bbox 586 1673 769 1716; x_wconf 89' lang='lat' dir='ltr'>Platone</span> <span class='ocrx_word' id='word_1_185' title='bbox 799 1672 929 1716; x_wconf 86' lang='lat' dir='ltr'>scribi</span> <span class='ocrx_word' id='word_1_186' title='bbox 958 1672 1193 1730; x_wconf 82' lang='lat' dir='ltr'>potuisset!</span> <span class='ocrx_word' id='word_1_187' title='bbox 1224 1672 1429 1716; x_wconf 87' lang='lat' dir='ltr'>Fortasse</span> <span class='ocrx_word' id='word_1_188' title='bbox 1452 1671 1584 1728; x_wconf 88' lang='lat' dir='ltr'>igitur</span> <span class='ocrx_word' id='word_1_189' title='bbox 1599 1671 1724 1714; x_wconf 86' lang='lat' dir='ltr'>Plato</span> <span class='ocrx_word' id='word_1_190' title='bbox 1745 1698 1795 1702; x_wconf 85' lang='lat'>-—</span> 
     </span>
     <span class='ocr_line' id='line_1_21' title="bbox 116 1746 1798 1805; baseline -0.001 -15"><span class='ocrx_word' id='word_1_191' title='bbox 116 1751 267 1791; x_wconf 86' lang='lat' dir='ltr'>auctor</span> <span class='ocrx_word' id='word_1_192' title='bbox 290 1747 597 1791; x_wconf 88' lang='lat' dir='ltr'>intellectualis</span> <span class='ocrx_word' id='word_1_193' title='bbox 618 1775 668 1779; x_wconf 92' lang='lat'>—-</span> <span class='ocrx_word' id='word_1_194' title='bbox 689 1748 885 1805; x_wconf 90' lang='lat' dir='ltr'>peccavit</span> <span class='ocrx_word' id='word_1_195' title='bbox 907 1763 1005 1791; x_wconf 91' lang='lat' dir='ltr'>cum</span> <span class='ocrx_word' id='word_1_196' title='bbox 1025 1748 1252 1792; x_wconf 87' lang='lat' dir='ltr'>Socratem</span> <span class='ocrx_word' id='word_1_197' title='bbox 1271 1752 1522 1804; x_wconf 88' lang='lat' dir='ltr'>peccantem</span> <span class='ocrx_word' id='word_1_198' title='bbox 1542 1746 1798 1790; x_wconf 79' lang='lat' dir='ltr'>induceret?</span> 
     </span>
     <span class='ocr_line' id='line_1_22' title="bbox 119 1821 1799 1880; baseline 0 -15"><span class='ocrx_word' id='word_1_199' title='bbox 119 1821 290 1866; x_wconf 88' lang='lat' dir='ltr'>Platoni</span> <span class='ocrx_word' id='word_1_200' title='bbox 335 1822 465 1879; x_wconf 89' lang='lat' dir='ltr'>igitur</span> <span class='ocrx_word' id='word_1_201' title='bbox 509 1823 689 1867; x_wconf 85' lang='lat' dir='ltr'>debetur</span> <span class='ocrx_word' id='word_1_202' title='bbox 736 1824 843 1867; x_wconf 88' lang='lat' dir='ltr'>haec</span> <span class='ocrx_word' id='word_1_203' title='bbox 888 1823 1217 1880; x_wconf 83' lang='lat' dir='ltr'>discrepantia?</span> <span class='ocrx_word' id='word_1_204' title='bbox 1265 1823 1472 1866; x_wconf 88' lang='lat' dir='ltr'>Sensitne</span> <span class='ocrx_word' id='word_1_205' title='bbox 1519 1822 1601 1865; x_wconf 89' lang='lat' dir='ltr'>hoc</span> <span class='ocrx_word' id='word_1_206' title='bbox 1632 1821 1726 1879; x_wconf 90' lang='lat' dir='ltr'>ipse</span> <span class='ocrx_word' id='word_1_207' title='bbox 1758 1826 1799 1865; x_wconf 91' lang='lat' dir='ltr'>et</span> 
     </span>
     <span class='ocr_line' id='line_1_23' title="bbox 116 1897 1798 1955; baseline -0.002 -14"><span class='ocrx_word' id='word_1_208' title='bbox 116 1897 394 1955; x_wconf 85' lang='lat' dir='ltr'>aliquatenus</span> <span class='ocrx_word' id='word_1_209' title='bbox 426 1914 616 1943; x_wconf 89' lang='lat' dir='ltr'>errorem</span> <span class='ocrx_word' id='word_1_210' title='bbox 648 1899 861 1955; x_wconf 87' lang='lat' dir='ltr'>corrigere</span> <span class='ocrx_word' id='word_1_211' title='bbox 893 1899 1099 1943; x_wconf 87' lang='lat' dir='ltr'>studebat</span> <span class='ocrx_word' id='word_1_212' title='bbox 1130 1915 1227 1942; x_wconf 89' lang='lat' dir='ltr'>cum</span> <span class='ocrx_word' id='word_1_213' title='bbox 1261 1899 1437 1942; x_wconf 88' lang='lat' dir='ltr'>adderet</span> <span class='ocrx_word' id='word_1_214' title='bbox 1470 1898 1604 1942; x_wconf 88' lang='lat' dir='ltr'>verba</span> <span class='ocrx_word' id='word_1_215' title='bbox 1635 1897 1699 1949; x_wconf 84' lang='grc' dir='ltr'>ἐμὲ</span> <span class='ocrx_word' id='word_1_216' title='bbox 1726 1898 1798 1950; x_wconf 78' lang='grc' dir='ltr'>γὰρ</span> 
     </span>
     <span class='ocr_line' id='line_1_24' title="bbox 118 1974 625 2026; baseline 0.008 -14"><span class='ocrx_word' id='word_1_217' title='bbox 118 1974 262 2025; x_wconf 76' lang='grc' dir='ltr'><em>ἔθραξε</em></span> <span class='ocrx_word' id='word_1_218' title='bbox 293 1975 363 2026; x_wconf 85' lang='grc' dir='ltr'>μέν</span> <span class='ocrx_word' id='word_1_219' title='bbox 394 1992 429 2015; x_wconf 88' lang='grc' dir='ltr'>τι</span> <span class='ocrx_word' id='word_1_220' title='bbox 459 1992 492 2015; x_wconf 82' lang='grc' dir='ltr'>κ.</span> <span class='ocrx_word' id='word_1_221' title='bbox 510 1992 539 2015; x_wconf 88' lang='grc' dir='ltr'>τ.</span> <span class='ocrx_word' id='word_1_222' title='bbox 557 1975 625 2017; x_wconf 57' lang='lat' dir='ltr'>kf?</span> 
     </span>
    </p>

    <p class='ocr_par' dir='ltr' id='par_1_5' title="bbox 119 2048 1800 2335">
     <span class='ocr_line' id='line_1_25' title="bbox 182 2048 1799 2107; baseline -0.001 -15"><span class='ocrx_word' id='word_1_223' title='bbox 182 2049 342 2093; x_wconf 91' lang='lat' dir='ltr'>Deinde</span> <span class='ocrx_word' id='word_1_224' title='bbox 389 2050 470 2093; x_wconf 90' lang='lat' dir='ltr'>hoc</span> <span class='ocrx_word' id='word_1_225' title='bbox 516 2065 689 2107; x_wconf 87' lang='lat' dir='ltr'>quoque</span> <span class='ocrx_word' id='word_1_226' title='bbox 735 2050 1060 2094; x_wconf 90' lang='lat' dir='ltr'>observandum</span> <span class='ocrx_word' id='word_1_227' title='bbox 1110 2065 1259 2093; x_wconf 91' lang='lat' dir='ltr'>vocem</span> <span class='ocrx_word' id='word_1_228' title='bbox 1303 2052 1428 2106; x_wconf 78' lang='lat' dir='ltr'>foris</span> <span class='ocrx_word' id='word_1_229' title='bbox 1474 2048 1668 2093; x_wconf 86' lang='lat' dir='ltr'>auditam</span> <span class='ocrx_word' id='word_1_230' title='bbox 1711 2063 1799 2090; x_wconf 92' lang='lat' dir='ltr'>non</span> 
     </span>
     <span class='ocr_line' id='line_1_26' title="bbox 119 2123 1798 2183; baseline -0.001 -16"><span class='ocrx_word' id='word_1_231' title='bbox 119 2124 227 2168; x_wconf 90' lang='lat' dir='ltr'>bene</span> <span class='ocrx_word' id='word_1_232' title='bbox 271 2125 499 2169; x_wconf 89' lang='lat' dir='ltr'>concinere</span> <span class='ocrx_word' id='word_1_233' title='bbox 544 2142 641 2169; x_wconf 89' lang='lat' dir='ltr'>cum</span> <span class='ocrx_word' id='word_1_234' title='bbox 690 2125 785 2183; x_wconf 88' lang='lat' dir='ltr'>ipsa</span> <span class='ocrx_word' id='word_1_235' title='bbox 831 2125 980 2169; x_wconf 87' lang='lat' dir='ltr'>anima</span> <span class='ocrx_word' id='word_1_236' title='bbox 1025 2128 1160 2170; x_wconf 74' lang='lat' dir='ltr'>intus</span> <span class='ocrx_word' id='word_1_237' title='bbox 1205 2124 1473 2168; x_wconf 86' lang='lat' dir='ltr'>divinatrice.</span> <span class='ocrx_word' id='word_1_238' title='bbox 1522 2123 1798 2180; x_wconf 88' lang='lat' dir='ltr'>Quamquam</span> 
     </span>
     <span class='ocr_line' id='line_1_27' title="bbox 120 2199 1800 2258; baseline -0.001 -16"><span class='ocrx_word' id='word_1_239' title='bbox 120 2199 420 2258; x_wconf 89' lang='lat' dir='ltr'>philosophice</span> <span class='ocrx_word' id='word_1_240' title='bbox 462 2200 569 2244; x_wconf 87' lang='lat' dir='ltr'>haec</span> <span class='ocrx_word' id='word_1_241' title='bbox 610 2200 672 2244; x_wconf 92' lang='lat' dir='ltr'>ita</span> <span class='ocrx_word' id='word_1_242' title='bbox 711 2200 917 2257; x_wconf 87' lang='lat' dir='ltr'>explicari</span> <span class='ocrx_word' id='word_1_243' title='bbox 950 2206 1133 2257; x_wconf 85' lang='lat' dir='ltr'>possunt</span> <span class='ocrx_word' id='word_1_244' title='bbox 1165 2204 1211 2243; x_wconf 85' lang='lat' dir='ltr'>ut</span> <span class='ocrx_word' id='word_1_245' title='bbox 1243 2200 1354 2243; x_wconf 89' lang='lat' dir='ltr'>duae</span> <span class='ocrx_word' id='word_1_246' title='bbox 1387 2199 1469 2243; x_wconf 91' lang='lat' dir='ltr'>hae</span> <span class='ocrx_word' id='word_1_247' title='bbox 1501 2214 1570 2242; x_wconf 88' lang='lat' dir='ltr'>res</span> <span class='ocrx_word' id='word_1_248' title='bbox 1602 2199 1800 2242; x_wconf 89' lang='lat' dir='ltr'>diversae</span> 
     </span>
     <span class='ocr_line' id='line_1_28' title="bbox 121 2275 1579 2335; baseline -0.002 -14"><span class='ocrx_word' id='word_1_249' title='bbox 121 2278 234 2322; x_wconf 89' lang='lat' dir='ltr'>idem</span> <span class='ocrx_word' id='word_1_250' title='bbox 267 2277 367 2328; x_wconf 80' lang='lat' dir='ltr'>sint,</span> <span class='ocrx_word' id='word_1_251' title='bbox 403 2294 542 2335; x_wconf 91' lang='lat' dir='ltr'>neque</span> <span class='ocrx_word' id='word_1_252' title='bbox 575 2278 688 2322; x_wconf 89' lang='lat' dir='ltr'>male</span> <span class='ocrx_word' id='word_1_253' title='bbox 722 2278 856 2322; x_wconf 88' lang='lat' dir='ltr'>verba</span> <span class='ocrx_word' id='word_1_254' title='bbox 887 2278 1165 2322; x_wconf 86' lang='lat' dir='ltr'>cohaereant.</span> <span class='ocrx_word' id='word_1_255' title='bbox 1199 2277 1295 2321; x_wconf 94' lang='lat' dir='ltr'>Vid.</span> <span class='ocrx_word' id='word_1_256' title='bbox 1333 2276 1447 2321; x_wconf 87' lang='lat' dir='ltr'>infra</span> <span class='ocrx_word' id='word_1_257' title='bbox 1477 2275 1505 2332; x_wconf 68' lang='grc' dir='ltr'>ξ</span> <span class='ocrx_word' id='word_1_258' title='bbox 1540 2276 1579 2319; x_wconf 93' lang='grc'>7.</span> 
     </span>
    </p>

    <p class='ocr_par' dir='ltr' id='par_1_6' title="bbox 116 2352 1804 3002">
     <span class='ocr_line' id='line_1_29' title="bbox 183 2352 1801 2411; baseline -0.004 -14"><span class='ocrx_word' id='word_1_259' title='bbox 183 2353 423 2398; x_wconf 85' lang='lat' dir='ltr'>Veniamus</span> <span class='ocrx_word' id='word_1_260' title='bbox 465 2359 610 2399; x_wconf 84' lang='lat' dir='ltr'>autern</span> <span class='ocrx_word' id='word_1_261' title='bbox 656 2354 710 2398; x_wconf 89' lang='lat' dir='ltr'>ad</span> <span class='ocrx_word' id='word_1_262' title='bbox 751 2354 934 2398; x_wconf 86' lang='lat' dir='ltr'>alteram</span> <span class='ocrx_word' id='word_1_263' title='bbox 977 2353 1380 2411; x_wconf 87' lang='lat' dir='ltr'>interpretationem</span> <span class='ocrx_word' id='word_1_264' title='bbox 1423 2368 1484 2396; x_wconf 89' lang='lat' dir='ltr'>sc.</span> <span class='ocrx_word' id='word_1_265' title='bbox 1518 2354 1559 2392; x_wconf 86' lang='grc' dir='ltr'>τὸ</span> <span class='ocrx_word' id='word_1_266' title='bbox 1592 2352 1801 2402; x_wconf 79' lang='grc' dir='ltr'><em>δαιμόνιον</em></span> 
     </span>
     <span class='ocr_line' id='line_1_30' title="bbox 122 2426 1799 2484; baseline -0.001 -14"><span class='ocrx_word' id='word_1_267' title='bbox 122 2433 164 2472; x_wconf 86' lang='lat' dir='ltr'>et</span> <span class='ocrx_word' id='word_1_268' title='bbox 195 2431 236 2471; x_wconf 86' lang='grc' dir='ltr'>τὸ</span> <span class='ocrx_word' id='word_1_269' title='bbox 268 2431 459 2482; x_wconf 82' lang='grc' dir='ltr'><strong><em>μαντικὸν</em></strong></span> <span class='ocrx_word' id='word_1_270' title='bbox 490 2438 557 2483; x_wconf 76' lang='grc' dir='ltr'>τῆς</span> <span class='ocrx_word' id='word_1_271' title='bbox 587 2438 717 2483; x_wconf 78' lang='grc' dir='ltr'><strong><em>ψυχῆς</em></strong></span> <span class='ocrx_word' id='word_1_272' title='bbox 750 2445 818 2473; x_wconf 89' lang='lat' dir='ltr'>res</span> <span class='ocrx_word' id='word_1_273' title='bbox 851 2444 948 2473; x_wconf 90' lang='lat' dir='ltr'>esse</span> <span class='ocrx_word' id='word_1_274' title='bbox 981 2429 1193 2473; x_wconf 89' lang='lat' dir='ltr'>diversas.</span> <span class='ocrx_word' id='word_1_275' title='bbox 1227 2428 1338 2479; x_wconf 85' lang='lat' dir='ltr'>Quid</span> <span class='ocrx_word' id='word_1_276' title='bbox 1372 2427 1541 2484; x_wconf 86' lang='lat' dir='ltr'>igitur‘?</span> <span class='ocrx_word' id='word_1_277' title='bbox 1573 2426 1799 2477; x_wconf 89' lang='lat' dir='ltr'>Quasnam</span> 
     </span>
     <span class='ocr_line' id='line_1_31' title="bbox 120 2501 1800 2562; baseline -0.002 -15"><span class='ocrx_word' id='word_1_278' title='bbox 120 2508 266 2560; x_wconf 88' lang='lat' dir='ltr'>partes</span> <span class='ocrx_word' id='word_1_279' title='bbox 313 2504 461 2548; x_wconf 88' lang='lat' dir='ltr'>anima</span> <span class='ocrx_word' id='word_1_280' title='bbox 506 2504 649 2561; x_wconf 87' lang='lat' dir='ltr'>egisse</span> <span class='ocrx_word' id='word_1_281' title='bbox 696 2504 890 2562; x_wconf 85' lang='lat' dir='ltr'>putanda</span> <span class='ocrx_word' id='word_1_282' title='bbox 937 2505 1036 2548; x_wconf 84' lang='lat' dir='ltr'>est‘?</span> <span class='ocrx_word' id='word_1_283' title='bbox 1084 2504 1238 2547; x_wconf 86' lang='lat' dir='ltr'>Restat</span> <span class='ocrx_word' id='word_1_284' title='bbox 1285 2509 1329 2547; x_wconf 92' lang='lat' dir='ltr'>ut</span> <span class='ocrx_word' id='word_1_285' title='bbox 1382 2519 1628 2551; x_wconf 85' lang='lat' dir='ltr'>sumamus,</span> <span class='ocrx_word' id='word_1_286' title='bbox 1661 2501 1800 2550; x_wconf 90' lang='lat' dir='ltr'>credo,</span> 
     </span>
     <span class='ocr_line' id='line_1_32' title="bbox 116 2577 1800 2636; baseline -0.003 -13"><span class='ocrx_word' id='word_1_287' title='bbox 116 2582 260 2635; x_wconf 75' lang='lat' dir='ltr'>prius</span> <span class='ocrx_word' id='word_1_288' title='bbox 316 2580 594 2624; x_wconf 89' lang='lat' dir='ltr'>daemonium</span> <span class='ocrx_word' id='word_1_289' title='bbox 652 2580 826 2636; x_wconf 90' lang='lat' dir='ltr'>signum</span> <span class='ocrx_word' id='word_1_290' title='bbox 881 2580 918 2623; x_wconf 92' lang='lat' dir='ltr'>ei</span> <span class='ocrx_word' id='word_1_291' title='bbox 966 2580 1151 2629; x_wconf 89' lang='lat' dir='ltr'>dedisse,</span> <span class='ocrx_word' id='word_1_292' title='bbox 1198 2582 1367 2623; x_wconf 72' lang='lat' dir='ltr'>deinde</span> <span class='ocrx_word' id='word_1_293' title='bbox 1413 2583 1559 2622; x_wconf 82' lang='lat' dir='ltr'>autem</span> <span class='ocrx_word' id='word_1_294' title='bbox 1607 2577 1800 2621; x_wconf 87' lang='lat' dir='ltr'>animam</span> 
     </span>
     <span class='ocr_line' id='line_1_33' title="bbox 121 2651 1802 2712; baseline -0.002 -13"><span class='ocrx_word' id='word_1_295' title='bbox 121 2655 390 2712; x_wconf 86' lang='lat' dir='ltr'>suspicatam</span> <span class='ocrx_word' id='word_1_296' title='bbox 432 2671 528 2699; x_wconf 90' lang='lat' dir='ltr'>esse</span> <span class='ocrx_word' id='word_1_297' title='bbox 570 2661 610 2698; x_wconf 91' lang='lat' dir='ltr'>et</span> <span class='ocrx_word' id='word_1_298' title='bbox 652 2655 876 2699; x_wconf 86' lang='lat' dir='ltr'>divinasse</span> <span class='ocrx_word' id='word_1_299' title='bbox 917 2655 1123 2711; x_wconf 84' lang='lat' dir='ltr'>quidnam</span> <span class='ocrx_word' id='word_1_300' title='bbox 1168 2654 1275 2697; x_wconf 88' lang='lat' dir='ltr'>illud</span> <span class='ocrx_word' id='word_1_301' title='bbox 1310 2658 1533 2710; x_wconf 84' lang='lat' dir='ltr'>peccatum</span> <span class='ocrx_word' id='word_1_302' title='bbox 1568 2657 1697 2696; x_wconf 89' lang='lat' dir='ltr'>esset.</span> <span class='ocrx_word' id='word_1_303' title='bbox 1729 2651 1802 2695; x_wconf 90' lang='lat' dir='ltr'>Sic</span> 
     </span>
     <span class='ocr_line' id='line_1_34' title="bbox 122 2727 1803 2787; baseline -0.002 -13"><span class='ocrx_word' id='word_1_304' title='bbox 122 2735 168 2774; x_wconf 91' lang='lat' dir='ltr'>ut</span> <span class='ocrx_word' id='word_1_305' title='bbox 209 2734 345 2782; x_wconf 76' lang='grc' dir='ltr'><em>μάντις</em></span> <span class='ocrx_word' id='word_1_306' title='bbox 392 2747 535 2775; x_wconf 88' lang='lat' dir='ltr'>rerum</span> <span class='ocrx_word' id='word_1_307' title='bbox 583 2731 829 2775; x_wconf 88' lang='lat' dir='ltr'>divinarum</span> <span class='ocrx_word' id='word_1_308' title='bbox 879 2730 1043 2787; x_wconf 88' lang='lat' dir='ltr'>peritus</span> <span class='ocrx_word' id='word_1_309' title='bbox 1086 2730 1360 2787; x_wconf 86' lang='lat' dir='ltr'>interpretari</span> <span class='ocrx_word' id='word_1_310' title='bbox 1403 2729 1513 2772; x_wconf 89' lang='lat' dir='ltr'>solet</span> <span class='ocrx_word' id='word_1_311' title='bbox 1547 2728 1708 2777; x_wconf 83' lang='lat' dir='ltr'>omina,</span> <span class='ocrx_word' id='word_1_312' title='bbox 1742 2727 1803 2770; x_wconf 88' lang='lat' dir='ltr'>ita</span> 
     </span>
     <span class='ocr_line' id='line_1_35' title="bbox 125 2804 1804 2863; baseline -0.002 -14"><span class='ocrx_word' id='word_1_313' title='bbox 125 2806 275 2850; x_wconf 88' lang='lat' dir='ltr'>anima</span> <span class='ocrx_word' id='word_1_314' title='bbox 305 2806 530 2851; x_wconf 91' lang='lat' dir='ltr'>divinandi</span> <span class='ocrx_word' id='word_1_315' title='bbox 564 2807 770 2850; x_wconf 86' lang='lat' dir='ltr'>facultate</span> <span class='ocrx_word' id='word_1_316' title='bbox 804 2806 1001 2863; x_wconf 85' lang='lat' dir='ltr'>praedita</span> <span class='ocrx_word' id='word_1_317' title='bbox 1033 2806 1226 2862; x_wconf 85' lang='lat' dir='ltr'>explorat</span> <span class='ocrx_word' id='word_1_318' title='bbox 1255 2809 1444 2861; x_wconf 86' lang='lat' dir='ltr'>peccata.</span> <span class='ocrx_word' id='word_1_319' title='bbox 1475 2804 1569 2847; x_wconf 88' lang='lat' dir='ltr'>Hac</span> <span class='ocrx_word' id='word_1_320' title='bbox 1597 2819 1647 2846; x_wconf 85' lang='lat' dir='ltr'>ex</span> <span class='ocrx_word' id='word_1_321' title='bbox 1679 2807 1804 2859; x_wconf 85' lang='lat' dir='ltr'>parta</span> 
     </span>
     <span class='ocr_line' id='line_1_36' title="bbox 122 2877 1802 2937; baseline -0.002 -13"><span class='ocrx_word' id='word_1_322' title='bbox 122 2881 252 2937; x_wconf 91' lang='lat' dir='ltr'>igitur</span> <span class='ocrx_word' id='word_1_323' title='bbox 283 2898 381 2925; x_wconf 92' lang='lat' dir='ltr'>cum</span> <span class='ocrx_word' id='word_1_324' title='bbox 416 2882 595 2926; x_wconf 88' lang='lat' dir='ltr'>Maierio</span> <span class='ocrx_word' id='word_1_325' title='bbox 629 2882 773 2926; x_wconf 83' lang='lat' dir='ltr'>facere</span> <span class='ocrx_word' id='word_1_326' title='bbox 802 2881 1042 2936; x_wconf 84' lang='lat' dir='ltr'>possimus:</span> <span class='ocrx_word' id='word_1_327' title='bbox 1070 2881 1180 2937; x_wconf 84' lang='lat' dir='ltr'>„Die</span> <span class='ocrx_word' id='word_1_328' title='bbox 1208 2880 1376 2924; x_wconf 83' lang='lat' dir='ltr'>Mantik</span> <span class='ocrx_word' id='word_1_329' title='bbox 1397 2880 1471 2923; x_wconf 91' lang='lat' dir='ltr'>der</span> <span class='ocrx_word' id='word_1_330' title='bbox 1489 2879 1613 2923; x_wconf 87' lang='lat' dir='ltr'>Seele</span> <span class='ocrx_word' id='word_1_331' title='bbox 1632 2877 1802 2921; x_wconf 88' lang='lat' dir='ltr'>besteht</span> 
     </span>
     <span class='ocr_line' id='line_1_37' title="bbox 126 2953 1800 3002; baseline -0.004 -1"><span class='ocrx_word' id='word_1_332' title='bbox 126 2957 230 3002; x_wconf 79' lang='lat' dir='ltr'>aher</span> <span class='ocrx_word' id='word_1_333' title='bbox 273 2957 395 3001; x_wconf 90' lang='lat' dir='ltr'>darin</span> <span class='ocrx_word' id='word_1_334' title='bbox 444 2958 548 3001; x_wconf 88' lang='lat' dir='ltr'>dasz</span> <span class='ocrx_word' id='word_1_335' title='bbox 589 2957 706 3000; x_wconf 91' lang='lat' dir='ltr'>diese</span> <span class='ocrx_word' id='word_1_336' title='bbox 748 2957 926 3001; x_wconf 78' lang='lat' dir='ltr'>Sunden</span> <span class='ocrx_word' id='word_1_337' title='bbox 971 2955 1216 2999; x_wconf 86' lang='lat' dir='ltr'>entdeckt&#39;&#39;.</span> <span class='ocrx_word' id='word_1_338' title='bbox 1259 2954 1431 2998; x_wconf 87' lang='lat' dir='ltr'>Etenim</span> <span class='ocrx_word' id='word_1_339' title='bbox 1471 2956 1511 2997; x_wconf 89' lang='lat' dir='ltr'>in</span> <span class='ocrx_word' id='word_1_340' title='bbox 1548 2953 1800 2997; x_wconf 88' lang='lat' dir='ltr'>universum</span> 
     </span>
    </p>
   </div>
  </div>
 </body>
</html>
