2019 3299
1037 148 1093 192 48

195 277 315 333 ,sola
357 292 506 320 verum
547 273 722 331 assequi
764 278 920 330 potest.
967 274 1142 317 Phaedo
1179 275 1235 317 65
1281 274 1314 316 B
1357 274 1380 326 ἡ
1422 275 1531 327 ψυχὴ
1588 281 1656 325 τῆς
1697 275 1902 327 ἀληθείας

220 356 389 394 ἅπτεται.
430 352 478 394 [n
521 350 660 394 Alcib.
708 350 789 393 133
811 349 856 392 Β.
876 349 921 392 C.
964 365 1016 393 ea
1058 365 1158 406 pars
1200 364 1313 406 quae
1355 349 1409 392 ad
1443 348 1636 393 divinam
1671 349 1899 393 veritatem

220 427 324 472 eniti
379 427 539 483 legitur
590 427 631 466 τὸ
687 433 754 477 τῆς
807 433 937 478 ψυχῆς
994 428 1232 478 νοερώτερον
1290 424 1424 474 audit,
1482 424 1659 468 deinde:
1708 434 1758 481 τῷ
1805 427 1903 482 θείῳ

221 505 297 556 ἄρα
337 501 438 543 τοῦτ’
481 504 609 542 ἔοικεν
649 502 784 554 αὐτῆς,
821 503 888 541 καί
924 518 980 549 τις
1024 502 1077 549 εἷς
1120 508 1233 541 τοῦτο
1278 501 1434 552 βλέπων
1476 500 1540 540 καὶ
1582 508 1662 540 πᾶν
1703 502 1745 541 τὸ
1791 506 1906 541 θεῖον

220 582 353 632 γνούς,
398 579 497 618 θεόν
553 594 591 617 τε
642 577 708 617 καὶ
763 578 977 629 φρόνησιν,
1021 578 1123 616 οὕτω
1171 576 1237 616 καὶ
1279 576 1421 616 ἑαυτὸν
1472 575 1521 614 ἂν
1567 577 1683 628 γνοίη
1729 578 1906 627 μάλιστα.

223 653 510 711 Philosophia
553 667 728 697 sacrum
778 667 889 709 opus
940 651 1103 695 factum
1153 656 1218 694 est
1259 655 1300 694 et
1343 650 1633 708 philosophus
1676 649 1903 708 proximus

222 746 249 774 a
281 730 361 773 deo
395 734 460 773 est
478 727 517 776 ¹).

282 880 453 932 Quibus
493 879 791 937 antiquiorum
834 879 885 922 de
927 879 1139 922 daemone
1180 877 1628 936 interpretationibus,
1672 877 1752 921 viri
1793 877 1907 922 docti

224 958 381 1001 horum
413 956 691 1000 saeculorum
730 955 841 999 alias
878 955 929 998 de
963 954 1194 998 daemonio
1227 959 1549 1012 opposuerunt.

284 1032 415 1077 Varie
458 1033 509 1076 de
553 1031 801 1081 daemonio,
834 1031 1055 1088 quomodo
1089 1030 1393 1087 accipiendum
1426 1034 1554 1078 esset,
1588 1029 1908 1074 iudicaverunt.

226 1108 283 1152 Ut
326 1124 466 1165 pauca
507 1108 709 1164 exempla
749 1107 946 1155 afferam,
990 1106 1104 1150 alius
1146 1108 1486 1151 conscientiam
1523 1097 1910 1162 praemonentem

225 1190 348 1243 putat
397 1185 727 1237 (BREITENBACH
777 1182 851 1226 Ed.
900 1182 1029 1226 Mem.
1082 1182 1258 1226 Excurs.
1315 1181 1368 1236 1),
1417 1181 1532 1225 alius
1573 1181 1683 1226 satis
1717 1181 1901 1225 verbose

229 1260 716 1319 „praktisch-sittlicher
747 1259 878 1308 Takt,
911 1258 1157 1308 Gevvissen‚
1185 1257 1469 1302 intellectuell
1498 1257 1591 1301 und,
1613 1257 1775 1301 sittlich
1802 1257 1911 1300 rich-

225 1337 336 1394 tiger
377 1336 579 1380 Gefuhls-
623 1336 709 1379 und
744 1334 1131 1384 Willensinstinct,
1164 1334 1335 1391 geniale
1368 1333 1594 1386 lntuition,
1626 1333 1789 1376 idealer
1820 1332 1912 1376 reli-

227 1414 371 1470 gieser
412 1411 625 1456 Antrieb''
667 1411 736 1465 (K.
769 1411 875 1455 JOEL
907 1411 983 1454 der
1015 1410 1140 1454 echte
1167 1410 1254 1453 und
1289 1409 1363 1453 der
1395 1408 1509 1452 Xen.
1544 1408 1670 1452 Sokr.
1703 1408 1736 1451 I.
1769 1406 1852 1463 75).

288 1489 415 1547 Apud
455 1487 510 1531 H.
546 1487 694 1531 MAIER
722 1487 749 1530 l.
768 1487 794 1531 l.
814 1487 898 1530 461
930 1486 1050 1543 lego:
1083 1485 1169 1541 „Es
1198 1485 1254 1528 ist
1276 1484 1372 1529 eine
1401 1484 1480 1528 Art
1506 1484 1720 1541 geistigen
1749 1483 1914 1528 Selbst-

228 1563 734 1621 e1·haltungs-instinkt'‘.

204 1680 207 1684 .
290 1640 365 1683 Vir
403 1639 679 1683 clarissimus
722 1638 1132 1695 eruditissimusque
1175 1641 1222 1682 G.
1252 1637 1290 1681 J.
1323 1637 1371 1681 P.
1402 1637 1440 1680 J.
1475 1637 1684 1680 BOLLAND
1716 1635 1759 1679 in
1795 1635 1910 1679 Edit.

229 1718 415 1773 Heyelii
454 1716 778 1771 (Vorlesungen
821 1715 893 1758 ub.
936 1715 975 1758 d.
1018 1714 1175 1758 Gesch.
1218 1714 1258 1757 d.
1301 1712 1410 1756 Phil.
1455 1712 1557 1766 322)
1588 1716 1822 1770 postquam
1857 1712 1912 1756 ab

232 1792 416 1849 Hegelio
456 1791 735 1835 daemonium
777 1791 1060 1834 coniunctum
1104 1794 1169 1833 est
1206 1804 1304 1833 cum
1338 1788 1752 1838 somnambulismo‚
1785 1803 1914 1845 quem

231 1872 402 1918 vocant,
435 1867 475 1910 id
509 1867 706 1910 nominat
743 1866 839 1921 „ein
873 1867 1251 1910 unterbewusstes
1284 1863 1476 1908 Selbst.’'

291 1942 383 1986 Etsi
417 1943 530 1993 huie,
564 1958 697 2000 quam
732 1942 932 1985 ultimam
966 1940 1127 1990 rettuli,
1161 1939 1358 1997 opinioni
1391 1939 1671 1996 aliquatenus
1692 1938 1914 1993 assentiri,

232 2019 343 2063 alias
395 2024 542 2062 autem
587 2033 767 2075 prorsus
810 2016 970 2060 reicere
1012 2015 1159 2065 velim,
1204 2030 1290 2057 non
1334 2029 1479 2058 meum
1521 2014 1630 2057 duco
1663 2029 1715 2057 ex
1756 2013 1914 2056 horum

234 2093 461 2137 bominum
519 2093 715 2142 scientia,
764 2107 815 2134 ex
864 2091 995 2135 huius
1042 2089 1208 2134 saeculi
1256 2089 1455 2149 doctrina
1502 2104 1651 2133 veram
1699 2088 1918 2133 daemonii

236 2168 321 2212 vim
356 2174 396 2212 et
429 2174 632 2213 naturam
675 2169 937 2213 adumbrare
976 2173 1016 2212 et
1057 2167 1255 2211 divinare
1299 2166 1401 2224 quid
1433 2181 1478 2209 re
1512 2181 1616 2210 vera
1647 2165 1791 2210 fuerit.
1825 2166 1920 2209 Hoc

237 2244 377 2301 magis
418 2245 538 2289 decet
580 2245 873 2303 psychiatros,
917 2249 964 2288 ut
1006 2244 1144 2292 aiunt,
1187 2248 1227 2286 et
1261 2241 1476 2286 eiusmodi
1509 2241 1626 2284 viros
1663 2241 1814 2285 doctos
1846 2241 1920 2299 qui

235 2314 423 2364 animae
444 2326 646 2365 naturam
681 2326 722 2365 et
755 2321 943 2364 indolem
979 2320 1190 2376 indagant
1222 2324 1262 2362 et
1296 2322 1641 2375 perscrutantur.

295 2396 465 2447 Quibus
512 2412 628 2440 nunc
675 2400 851 2453 praesto
899 2400 1001 2439 sunt
1047 2395 1131 2438 loci
1179 2394 1268 2452 qui.
1312 2393 1491 2437 maximi
1535 2392 1760 2443 momenti,
1805 2392 1920 2450 apud

237 2472 443 2529 antiquos
475 2471 709 2528 scriptores
741 2476 903 2521 extant,
937 2486 1047 2528 quos
1074 2469 1392 2526 congessimus,
1421 2469 1472 2512 de
1500 2467 1659 2526 quibus
1676 2484 1754 2526 pro
1772 2472 1926 2512 nostra

239 2548 351 2591 virili
397 2548 734 2605 disputavimus,
784 2564 805 2591 e
853 2547 1014 2605 quibus
1060 2546 1163 2604 quid
1212 2550 1251 2589 et
1299 2545 1428 2602 quale
1470 2544 1601 2588 fuerit
1643 2543 1923 2588 daemonium

238 2624 476 2681 (quatenus
509 2624 589 2666 hoc
622 2639 673 2666 ex
700 2623 895 2671 fontibus
919 2620 1209 2666 demonstrari
1240 2620 1395 2677 potest)
1422 2619 1574 2664 elicere
1593 2620 1737 2664 conati
1755 2635 1924 2664 sumus.

287 2814 309 2857 ¹)
337 2813 419 2847 Huc
455 2812 599 2847 faciunt
631 2813 743 2846 etiam
780 2811 919 2855 placita
955 2810 1140 2850 Thaletis,
1178 2810 1237 2844 cui
1269 2810 1430 2844 daemon
1463 2821 1550 2853 pars
1582 2808 1729 2843 animae
1754 2810 1835 2843 erat
1856 2808 1926 2851 (se-

241 2874 403 2909 cundum
438 2873 720 2916 Athenagoram
756 2872 882 2916 Legat.
913 2884 979 2917 pro
1012 2871 1148 2906 Christ.
1174 2870 1297 2905 XXIII
1322 2874 1472 2910 δαίμονας
1497 2873 1529 2902 δὲ
1557 2874 1661 2906 οὐσίας
1685 2878 1748 2901 νοεῖ
1771 2872 1925 2912 ψυχικάς)

240 2937 275 2970 el
304 2934 508 2969 Democriti
534 2932 654 2976 (Diels
684 2933 726 2967 fr.
752 2932 830 2975 171)
857 2936 946 2974 ψυχὴ
972 2937 1145 2975 οἰκητήριον
1169 2935 1298 2971 δαίμονο
