2019 3299
916 213 996 256 113

167 336 295 393 Apol.
341 338 397 380 33
416 336 463 380 E.
512 337 717 380 Socrates
766 340 914 380 noster
946 336 1214 387 Platonicus,
1249 336 1328 380 etsi
1362 340 1528 387 ἀτεχνῶς
1566 336 1684 384 ξένως
1717 337 1788 389 ἔχει

107 410 175 463 ’τῆς
204 413 349 452 ἐνθάδε
375 413 509 460 λέξεως
531 437 579 443 -
601 410 792 466 optimus
825 410 1144 454 dissimulator!
1168 439 1217 442 »—
1237 417 1410 468 tempus
1442 410 1524 453 sibi
1557 410 1705 453 datum
1734 410 1788 453 ad

109 486 351 529 orationem
399 485 662 534 habendam,
712 500 853 542 neque
895 486 933 528 ei
981 486 1138 536 solum,
1182 487 1255 529 sed
1303 486 1433 529 etiam
1482 485 1710 529 advocatis
1748 490 1789 528 et

108 561 263 605 amicis
297 577 373 618 pro
426 576 476 604 eo
522 560 803 610 testantibus,
847 560 973 603 offert
1014 561 1292 610 adversariis,
1337 566 1382 604 ut
1424 560 1638 610 homines,
1678 575 1789 617 quos

109 636 201 692 ipse
238 636 442 680 Socrates
475 635 649 684 indicat,
685 635 871 679 Meletus
904 651 982 691 pro
1015 651 1061 678 se
1096 640 1308 678 testantes
1341 635 1551 692 producat
1584 639 1625 677 et
1657 635 1790 678 verba

108 711 250 755 facere
277 716 417 767 cogat.
445 710 569 761 Quod
599 715 662 753 est
696 710 926 753 artificium
946 704 987 753 in
1007 711 1137 753 rebus
1155 710 1433 754 iudicialibus
1452 710 1787 754 usitatissimum

106 786 208 840 (vid.
229 786 556 830 adnotationem
586 785 627 828 in
657 786 721 829 ed.
751 785 989 835 Schanzih,
1019 785 1072 828 cf.
1102 801 1137 828 e.
1165 800 1203 841 g.
1223 785 1392 842 Lysias,
1411 785 1480 833 20,
1503 786 1552 828 11
1573 788 1677 833 εἴτις
1694 788 1789 838 βού-

105 868 207 903 λεται
242 863 283 901 ἐν
316 870 365 917 τῷ
398 863 498 918 λόγῳ
526 870 576 916 τῷ
611 862 687 916 ἐμῷ
721 864 1019 913 μαρτυρησάτω.
1047 860 1168 911 Quae
1196 861 1278 904 hac
1305 860 1346 902 in
1366 875 1410 903 re
1428 861 1541 917 apud
1560 860 1787 904 Platonem

109 937 241 980 verba
282 935 460 979 maximi
503 935 714 979 momenti
757 941 872 988 sunt,
918 951 969 979 ea
1005 941 1177 979 tantum
1211 935 1447 979 afferemus
1469 936 1516 988 1);
1550 936 1614 975 καὶ
1646 936 1788 984 ἄλλους

106 1013 180 1065 ἐγὼ
226 1012 297 1064 ἔχω
343 1012 438 1061 ὑμῖν
483 1012 620 1061 εἰπεῖν,
666 1006 721 1051 ὧν
763 1012 850 1049 τινὰ
892 1012 1007 1062 ἐχρῆν
1048 1014 1214 1062 μάλιστα
1247 1010 1318 1061 μὲν
1351 1011 1392 1049 ἐν
1429 1019 1479 1065 τῷ
1512 1011 1656 1050 ἑαυτοῦ
1687 1013 1788 1067 λόγῳ

106 1089 380 1139 παρασχέσθαι
428 1087 610 1137 Μέλητον
653 1088 830 1137 μάρτυρα
863 1111 918 1116 —
950 1100 1098 1140 ‘neque
1134 1099 1213 1141 39⁰
1244 1088 1297 1128 in
1329 1099 1435 1129 ‘mea
1466 1087 1622 1141 aqua!
1653 1112 1723 1134 -‚
1756 1088 1788 1126 εἴ,

107 1162 148 1202 δὲ
193 1164 276 1202 τότε
317 1162 546 1213 ἐπελάθετο,
590 1168 665 1200 νῦν
711 1162 997 1212 παρασχέσθω,
1034 1162 1107 1213 ἐγὼ
1149 1168 1384 1213 παραχωρῶ,
1414 1162 1479 1200 καὶ
1510 1163 1663 1214 λεγέτω,
1692 1164 1731 1201 εἴ
1756 1179 1788 1202 τι

105 1238 178 1289 ἔχει
219 1244 412 1277 τοιοῦτον.
455 1235 510 1279 cf.
542 1240 770 1292 praeterea
805 1235 862 1279 34
880 1235 929 1278 Β.
964 1238 1000 1276 οῖ
1033 1235 1074 1276 δὲ
1106 1237 1393 1287 ἀδιάφθαρτοι,
1424 1240 1680 1288 πρεσβύτεροι
1712 1238 1789 1289 ἤδη

105 1315 259 1365 ἄνδρες,
299 1315 339 1354 οἵ
377 1316 526 1355 τούτων
568 1316 850 1365 προσήκοντες,
880 1315 966 1352 τίνα
1000 1314 1119 1353 ἄλλον
1152 1314 1283 1364 ἔχουσι
1314 1315 1431 1365 λόγον
1463 1316 1787 1364 βοηθοῦντες

103 1390 187 1439 ἐμοὶ
227 1387 303 1429 ἀλλ’
338 1388 362 1441 ἢ
395 1390 461 1429 τὸν
494 1388 620 1440 ὀρθόν
653 1405 689 1428 τε
721 1389 787 1428 καὶ
819 1389 989 1437 δίκαιον,
1023 1389 1078 1428 ὅτι
1110 1391 1294 1436 ξυνίσασι
1328 1390 1500 1443 Μελήτῳ
1535 1387 1605 1438 μὲν
1637 1389 1787 1436 ψευδο-

104 1466 222 1520 μένῳ,
254 1464 339 1514 ἐμοὶ
371 1463 413 1503 δὲ
445 1463 707 1515 ἀληθεύοντι;

163 1538 271 1582 Cum
315 1538 475 1581 adsunt
517 1537 646 1581 amici
688 1537 924 1581 ostendunt
965 1536 1160 1581 Socratis
1192 1552 1371 1580 causam
1410 1536 1492 1580 sibi
1525 1537 1642 1580 cordi
1675 1553 1786 1587 esse,

105 1613 355 1671 praesentia
407 1613 503 1657 sola
549 1613 586 1656 ei
635 1612 798 1656 auxilio
848 1612 1026 1656 veniunt
1073 1611 1368 1666 (βοηθοῦντες).
1425 1613 1568 1657 Verba
1614 1628 1788 1670 quoque

104 1688 339 1732 nonnullos
382 1704 458 1746 pro
498 1703 570 1731 reo
614 1687 786 1737 fecisse,
828 1687 1128 1731 testimonium
1164 1687 1341 1737 dixisse,
1386 1687 1658 1730 efficiendum
1691 1703 1788 1731 esse

105 1763 274 1807 videtur
305 1779 327 1807 e
360 1763 527 1806 verbis:
562 1764 603 1803 ἐν
635 1772 685 1818 τῷ
714 1764 857 1804 ἑαυτοῦ
885 1766 1000 1820 λόγῳ,
1017 1763 1177 1819 quibus
1206 1762 1349 1806 verbis
1367 1762 1454 1806 iam
1474 1762 1785 1820 opposuimus:

105 1855 245 1897 neque
277 1855 358 1896 ego
390 1838 431 1881 in
467 1854 565 1882 mea
596 1854 724 1895 aqua.
758 1838 845 1881 Alii
877 1838 974 1889 loci,
1008 1839 1080 1882 ubi
1113 1839 1164 1882 de
1197 1839 1384 1882 testibus
1417 1854 1560 1882 sermo
1594 1842 1673 1888 est,
1706 1854 1788 1881 nos

105 1931 193 1958 non
241 1914 425 1958 multum
474 1914 625 1957 iuvare
673 1919 859 1970 possunt
907 1914 1043 1964 (20E‚
1090 1914 1226 1961 31C1.
1276 1914 1503 1957 Postremo
1546 1913 1680 1958 3213:
1722 1915 1788 1954 καὶ

105 1993 254 2030 τούτων
298 1991 392 2041 ὑμῖν
434 1991 590 2029 ἔσονται
629 1989 767 2029 πολλοὶ
808 1991 1014 2041 μάρτυρες,
1053 1989 1126 2045 qui
1168 1989 1291 2032 locus
1324 1989 1486 2032 eisdem
1521 1989 1610 2032 fere
1644 1989 1788 2033 verbis

105 2064 359 2108 enuntiatus
406 2069 472 2108 est
517 2068 647 2120 atque
690 2064 743 2106 21
764 2063 825 2106 A:
870 2065 935 2104 καὶ
977 2067 1127 2104 τούτων
1158 2065 1246 2115 πέρι
1279 2064 1298 2104 ὁ
1332 2064 1501 2114 ἀδελφὸς
1535 2065 1629 2115 ὑμῖν
1663 2066 1786 2105 αὐτοῦ

104 2140 239 2180 οὑτοσὶ
285 2141 535 2191 μαρτυρήσει.
584 2138 684 2182 Non
733 2139 919 2195 probare
962 2138 1093 2195 igitur
1134 2154 1312 2195 possum
1358 2138 1474 2181 viros
1516 2139 1679 2189 doctos,
1713 2139 1786 2197 qui

104 2215 161 2258 32
201 2214 250 2258 E.
296 2216 387 2266 ὑμῖν
429 2229 505 2271 per
535 2213 832 2257 coniecturam
867 2218 1038 2257 mutant
1070 2214 1112 2256 in
1147 2215 1274 2265 ὑμῶν.
1305 2213 1564 2263 (Hermann,
1599 2215 1786 2258 Schanz.

104 2290 174 2333 l.l⁴
228 2290 339 2341 180).
372 2290 603 2333 Ambobus
635 2289 740 2333 locis
775 2294 911 2333 testes
943 2289 1200 2333 affirmaturi
1238 2294 1340 2333 sunt
1374 2289 1600 2334 Socratem
1636 2306 1786 2334 verum

105 2365 281 2409 dixisse.
324 2364 603 2422 Quamquam
637 2365 825 2408 fortasse
860 2365 940 2408 hoc
971 2365 1067 2408 loco
1099 2365 1171 2418 (32
1192 2364 1241 2418 E)
1273 2364 1397 2408 Plato
1438 2365 1650 2422 aequales
1682 2381 1787 2409 suos

104 2440 268 2498 alloqui
317 2440 458 2497 magis
503 2456 635 2498 quam
683 2440 888 2484 Socrates
929 2456 1037 2484 suae
1081 2440 1346 2497 pertinaciae
1393 2440 1610 2484 iudicibus
1653 2446 1787 2485 testes

104 2516 313 2573 praebere
347 2516 570 2573 putandus
602 2523 682 2560 est.

163 2591 353 2634 Aliunde
401 2591 527 2634 nobis
575 2592 626 2634 de
668 2591 856 2635 testibus
903 2591 1011 2634 nihil
1054 2591 1241 2634 innotuit
1275 2617 1323 2623 -
1361 2591 1623 2647 posteriores
1656 2592 1786 2649 serip-

105 2671 222 2710 tores
264 2666 382 2709 velut
424 2666 546 2723 Diog.
582 2666 723 2710 Laert.
756 2666 809 2709 ΙΙ.
844 2667 914 2709 41.
949 2666 1090 2709 sciens
1124 2670 1349 2723 praetereo
1383 2692 1450 2716 —,
1485 2666 1569 2709 nisi
1601 2667 1711 2710 forte
1743 2667 1785 2710 in

106 2742 235 2798 Gorg.
279 2741 456 2798 dialogo
502 2741 585 2785 471
611 2741 658 2785 Ε.
707 2742 902 2785 Socratis
950 2757 1086 2786 causa
1133 2741 1306 2784 Platoni
1353 2746 1453 2785 ante
1497 2742 1648 2786 oculos
1696 2758 1786 2786 ver-

151 2857 174 2898 ι)
199 2856 329 2890 Inveni
368 2856 440 2890 iam
476 2855 739 2899 Gomperzium
772 2855 990 2898 (Verbandl.
1014 2855 1048 2889 d.
1073 2855 1117 2888 43
1141 2854 1432 2899 Versammlung
1458 2855 1628 2889 deutsch.
1652 2855 1786 2890 Philol.

106 2916 183 2951 und
213 2916 487 2951 Schulmanner
508 2916 546 2950 in
571 2915 667 2950 Koln
695 2916 791 2955 1896,
816 2915 872 2956 74)
899 2916 996 2950 hunc
1020 2915 1140 2950 locum
1167 2915 1364 2956 attulisse;
1389 2915 1450 2959 „In
1477 2915 1689 2950 stilisierter
1713 2916 1786 2949 An-

106 2976 298 3020 deutung'’
321 2977 388 3017 ait,
411 2979 451 3011 ut
478 2976 598 3020 ipsius
620 2976 742 3011 verbis
772 2979 866 3017 utar,
890 2976 1105 3011 indicantur
1128 2983 1158 3009 οι·
1180 2984 1446 3020 συναγορεύοντες.

177 3037 340 3072 Apologia
359 3037 615 3071 Xenophontea.
1664 3036 1682 3062 8
