2019 3299
883 209 936 250 91

71 331 304 375 stultitiam
331 335 635 375 accusatorum
669 336 707 374 et
743 331 951 387 puerilem
985 332 1310 375 accusationem
1335 332 1423 375 risu
1442 331 1619 387 dignam
1638 346 1750 380 esse,

71 421 158 448 non
191 411 340 449 autem
374 407 489 450 seria
521 407 785 449 refutatione
821 406 905 450 vid.
939 407 1051 449 28A
1084 409 1201 446 ἱκαιὰ
1234 408 1297 447 καὶ
1330 415 1462 447 ταῦτα.

131 480 226 531 Quo
270 481 432 525 factum
475 488 539 524 est
585 485 629 524 ut
672 481 796 525 Plato
841 481 972 524 nimis
1000 482 1130 538 genio
1163 498 1243 525 suo
1277 482 1521 538 indulgeret
1553 488 1593 525 et
1626 497 1751 538 exag-

69 555 294 611 geratione
327 557 519 613 quadam
553 557 820 613 abuteretur.
865 590 868 594 Α

130 630 242 681 Quid
275 631 390 674 enirn
423 631 504 674 fit?
542 632 659 675 Reus
687 637 988 676 accusatorem
1017 637 1193 675 accusat
1214 632 1427 682 inscitiae,
1447 638 1583 676 semet
1606 632 1750 689 ipsum

69 720 155 747 non
198 711 368 762 purgat,
401 707 709 750 adversarium
745 708 1009 764 aggreditur,
1041 723 1138 750 eum
1172 707 1359 750 ludibrio
1393 708 1537 758 habet,
1570 708 1753 752 crimina

70 796 155 823 non
204 780 376 824 refellit.
425 782 493 825 Fit
540 783 670 826 lusus
703 783 971 832 dialecticus,
1018 783 1209 826 reductio
1245 783 1298 826 ad
1331 783 1585 832 absurdum,
1618 800 1750 840 quam

72 862 242 905 vocant,
289 872 374 900 non
418 861 565 900 autem
608 858 821 902 defensio.
856 858 973 902 Vera
1004 858 1186 902 crimina
1219 863 1271 901 et.
1293 874 1394 901 vera
1427 858 1623 902 defensio
1655 859 1753 902 aliis

70 930 178 975 locis
210 932 414 976 dilucent.

204 1179 231 1234 ἓ
267 1179 334 1222 12.
411 1179 460 1222 E.
496 1180 567 1222 De
611 1180 910 1223 vocabulis
952 1196 1090 1237 quae
1134 1185 1262 1223 sunt
1298 1183 1355 1220 ἓν
1396 1181 1623 1221 ἕκαστον.

71 1337 198 1394 Apol.
232 1336 346 1380 Xen.
384 1337 450 1380 15.
911 1340 913 1404 Ι
977 1337 1104 1393 Apol.
1140 1338 1250 1381 Plat.
1283 1338 1340 1380 24
1358 1337 1403 1380 C.

129 1415 232 1465 ὅμως
266 1413 308 1453 di?
340 1414 452 1464 ὑμεῖς
491 1412 591 1464 μηδὲ
624 1411 727 1452 ταῦτ’
764 1415 849 1469 εἰκῇ
1035 1415 1178 1454 τούτου
1226 1413 1268 1453 δὲ
1319 1421 1388 1453 τοῦ
1431 1414 1670 1467 ἐγκλήματος
1696 1415 1751 1452 ἓν

69 1490 301 1540 πιστεύσητε
348 1497 399 1543 τῷ
445 1493 543 1543 θεῷ,
588 1488 684 1527 ἀλλὰ
726 1487 843 1528 καθ’
977 1489 1197 1529 ἕκαστον
1230 1490 1482 1541 ἐξετάσωμεν.

64 1565 85 1603 ἲ
98 1580 119 1603 v
151 1563 201 1603 ἔκ
214 1581 237 1602 α
252 1576 273 1602 σ
288 1580 306 1602 τ
319 1580 338 1603 ο
353 1580 374 1602 v
402 1563 650 1603 ἐπισκοπεῖτε
669 1559 724 1603 ὧν
742 1561 849 1604 εἶπεν

75 1639 94 1679 ὅ
127 1640 233 1687 θεός.

132 1763 263 1820 Apud
306 1763 646 1820 Xenophontem
688 1764 852 1807 oraculi
893 1780 1152 1821 responsum
1194 1768 1236 1807 in
1272 1765 1465 1808 membra
1498 1764 1754 1821 discerpitur

68 1838 211 1895 (Apol.
248 1839 316 1892 16)
348 1844 387 1882 et
422 1838 659 1895 separatim
694 1847 729 1882 et
766 1839 1023 1896 singillatim
1057 1840 1381 1883 demonstratur
1409 1856 1558 1883 verum
1593 1839 1752 1883 dixisse

69 1914 306 1958 oraculum.
354 1914 476 1957 Adeo
518 1914 721 1958 Socrates
766 1915 1115 1972 Xenophonteus
1149 1921 1327 1972 paratus
1359 1921 1423 1959 est
1457 1916 1751 1960 innocentiam

68 2005 195 2033 suam
243 1989 488 2040 defendere,
536 1995 581 2033 ut
629 2006 682 2034 ne
716 1991 824 2034 haec
856 1991 1030 2048 quidem
1063 1992 1179 2044 (μηδὲ
1211 1993 1347 2045 ταῦτα)
1379 1992 1441 2035 sic
1472 1997 1634 2035 temere
1666 2008 1752 2035 cre-

69 2065 211 2109 denda
237 2080 334 2108 esse
362 2065 606 2108 arbitretur.
635 2065 702 2109 Ita
729 2065 835 2109 illud
853 2066 946 2106 καθ’
973 2069 1020 2106 ’ὲν
1038 2067 1202 2107 ἕκαστον
1220 2083 1345 2111 suam
1364 2067 1447 2110 sibi
1468 2068 1553 2111 vim
1573 2068 1750 2111 obtinet.

128 2140 256 2197 Apud
305 2140 532 2184 Platonem
582 2146 729 2184 autem
782 2146 952 2198 praeter
1007 2142 1352 2198 expectationem
1413 2149 1606 2187 nostram
1665 2158 1751 2186 non

70 2215 266 2273 sequitur
296 2216 504 2259 refutatio
537 2231 588 2259 ex
621 2217 772 2260 ordine
805 2216 1050 2261 criminum.

128 2291 331 2335 Socrates
364 2307 449 2334 non
483 2292 710 2335 contendit
743 2309 788 2336 se
822 2308 907 2336 non
942 2308 1219 2350 corrumpere
1247 2293 1445 2343 iuvenes,
1473 2295 1546 2337 sed
1566 2294 1751 2351 primum

70 2367 338 2410 demonstrat
389 2372 688 2411 accusatorem
737 2384 944 2412 accusare
1002 2369 1052 2411 de
1104 2369 1236 2412 rebus
1283 2368 1321 2412 ei
1369 2369 1543 2425 ignotis,
1598 2370 1752 2413 deinde

70 2442 341 2486 demonstrat
388 2443 562 2486 sibimet
610 2443 752 2500 ipsum
801 2460 956 2487 nocere
1010 2444 1082 2501 qui
1136 2444 1318 2488 iuvenes
1369 2445 1617 2502 corrumpit,
1666 2461 1751 2488 non

71 2517 306 2561 verisimile
354 2517 487 2574 igitur
534 2534 631 2562 esse
679 2535 943 2577 quemquam
993 2520 1075 2562 hoc
1122 2535 1264 2576 agere.
1314 2520 1400 2564 Ubi
1446 2526 1592 2564 autem
1641 2521 1751 2565 26ss

70 2592 221 2649 pergit,
269 2608 354 2635 non
403 2593 659 2649 singillatim
709 2595 895 2638 crimina
943 2595 1207 2652 aggreditur,
1243 2596 1318 2638 sed
1360 2611 1412 2639 ea
1444 2596 1682 2640 miscentur
1713 2602 1751 2640 et

68 2669 434 2719 contaminantur,
483 2670 544 2713 ita
591 2676 635 2713 ut
685 2687 819 2715 unum
865 2671 1025 2714 crimen
1074 2671 1147 2714 fiat
1180 2688 1240 2714 sc.
1274 2672 1436 2715 crimen
1471 2674 1650 2725 ἀσέβειας
1686 2674 1750 2716 vel

68 2744 211 2800 potius
268 2745 429 2789 crimen
488 2747 714 2798 ἀθεότητος.
764 2747 936 2791 Etenim
993 2748 1044 2790 de
1094 2747 1220 2789 novis
1278 2747 1522 2791 daemoniis
1571 2749 1749 2792 verbum

71 2819 260 2875 uullum3
300 2837 321 2864 e
364 2822 581 2865 contrario
628 2838 728 2866 reus
772 2823 864 2880 ipse
902 2823 985 2866 sibi
1020 2823 1347 2866 accusationem
1380 2824 1627 2879 graviorem
1662 2825 1750 2867 red-

70 2893 188 2938 didit,
239 2895 390 2953 Neque
439 2897 520 2940 hoc
567 2898 747 2941 crimine
795 2915 842 2942 se
889 2904 1046 2955 purgat
1095 2899 1171 2942 sed
1208 2899 1355 2943 irridet
1400 2901 1603 2944 Meletum
1652 2916 1749 2942 cum

73 2970 269 3027 propriae
299 2972 568 3015 accusationi
602 2973 754 3023 altera,
790 2990 902 3031 quae
929 2975 983 3018 ab
1018 2974 1113 3031 ipso
1134 2981 1390 3019 accusatore
1413 2980 1581 3018 mutata
1609 2980 1673 3017 est
1701 3002 1746 3005 -1—
