2019 3299
1017 180 1097 223 164-

262 302 595 346 Demonstratui·
626 303 739 359 apud
775 308 1006 361 utrumque
1041 304 1079 347 id
1113 304 1227 361 quod
1262 304 1365 347 utile
1399 310 1464 348 est
1497 305 1725 361 pulchrum
1760 321 1885 355 esse:

203 377 437 420 simillimis
485 377 695 434 exemplis
743 378 892 422 nititur
933 379 1185 436 disputatio,
1220 379 1304 422 vid.
1349 379 1479 423 Mein.
1516 380 1589 424 ΙΙΙ.
1623 381 1663 424 8.
1696 380 1811 425 4-6
1843 386 1887 425 et

204 452 335 509 Hipp.
369 468 424 496 m.
458 453 543 497 295
577 453 722 496 C—E.

203 602 332 646 Mem.
366 603 440 646 III.
475 604 517 647 8.
549 603 590 647 4.
1111 605 1240 662 Hipp.
1279 621 1335 649 m.
1368 606 1455 650 295
1489 605 1636 651 C—E.

262 681 339 719 ε”στι
375 680 445 729 μὲν
488 688 538 735 τῷ
571 685 676 735 καλῷ
710 682 834 732 πρὸς
873 683 980 733 ‹596-
1167 685 1209 723 τὸ
1258 685 1351 724 ὅλον
1404 691 1515 733 σῶμα
1568 684 1671 723 οὕτω
1722 684 1886 736 λέγομεν

202 771 297 806 μου
357 755 562 812 ἀνθρώπῳ
621 756 735 804 ἄλλος
793 757 981 808 ἀνόμοιος
1043 748 1045 777 s
1108 760 1231 799 καλὸν
1270 756 1385 808 εἶναι,
1426 760 1467 799 τὸ
1498 758 1571 810 μὲν
1611 759 1737 811 πρὸς
1779 759 1888 811 δρό-

202 832 320 879 καλὸς
352 831 479 880 πρὸς
511 832 694 883 πάλην.
1111 851 1228 884 μου,
1275 835 1317 874 τὸ
1364 834 1407 874 δὲ
1450 835 1579 885 πρὸς
1625 836 1794 885 πάλην
1831 857 1880 862 -

203 905 334 949 Mem.
365 905 442 949 III.
476 906 517 950 8.
551 908 591 950 5.
1108 911 1323 956 nonnulla
1363 910 1452 954 alia
1483 909 1686 966 exempla
1716 908 1883 953 addun-

261 979 380 1022 τᾶλλα
405 986 535 1022 πάντα
565 1008 615 1013 -
645 984 746 1022 καλά
763 999 801 1023 τε
817 984 981 1036 κάγαθὰ
1106 991 1177 1029 tur
1239 986 1464 1030 Platonica
1519 1001 1616 1029 cum
1672 986 1885 1035 ubertate,

202 1061 410 1110 νομίζεται,
427 1059 525 1109 πρὸς
544 1059 641 1110 ἅπερ
663 1057 713 1098 ἂν
731 1058 925 1110 εὔχρηστα
947 1055 978 1114 ᾗ.
1108 1061 1276 1116 deinde,
1318 1062 1379 1105 sic
1418 1066 1463 1105 ut
1494 1061 1609 1119 apud
1643 1061 1771 1116 Xen.‚
1806 1061 1884 1105 sed

1109 1137 1250 1194 magis
1282 1137 1610 1195 philosophice:

1168 1215 1209 1254 τὸ
1242 1213 1313 1265 μὲν
1345 1216 1536 1266 χρήσιμον
1562 1214 1629 1253 καὶ
1654 1211 1889 1269 ᾗχρήσιμον

1109 1289 1174 1328 καὶ
1221 1291 1319 1341 πρὸς
1369 1288 1389 1329 ὃ
1430 1290 1623 1342 χρήσιμον
1664 1289 1730 1328 καὶ
1772 1288 1889 1330 ὁπότε

1109 1366 1304 1417 χρήσιμον
1336 1366 1458 1406 καλόν
1491 1367 1623 1416 φάμεν
1648 1361 1763 1416 εἶναι,
1784 1365 1827 1405 τὸ
1845 1364 1889 1405 δὲ

1109 1441 1230 1496 ταύτῃ
1262 1443 1392 1496 πάντῃ
1425 1440 1622 1494 ἄχρηστον
1655 1443 1829 1494 αἰσχρόν.

261 1591 367 1635 Post
397 1591 539 1635 thesin
573 1591 676 1635 utile
700 1610 753 1625 =
780 1591 1008 1648 pulchrum
1043 1591 1216 1634 additur
1248 1591 1410 1635 honum
1431 1610 1485 1625 =
1505 1592 1736 1649 pulchrum
1768 1592 1885 1649 apud

128 1664 131 1666 ’
203 1668 428 1711 Platonem
465 1667 595 1724 Hipp.
632 1683 687 1709 m.
723 1667 808 1710 296
828 1666 878 1709 E.

260 1743 380 1786 Idem
408 1743 522 1800 apud
550 1742 662 1786 Xen.
688 1742 818 1785 Mem.
837 1741 912 1785 Π[.
931 1742 971 1786 8.
991 1743 1032 1785 5.
1050 1744 1147 1793 πρὸς
1164 1743 1286 1783 ταύτὰ
1303 1745 1431 1782 πάντα
1450 1745 1549 1782 καλά
1565 1759 1603 1783 τε
1620 1743 1782 1797 κάγαθά
1799 1743 1889 1784 ἔστι.

262 1818 356 1862 Hoc
397 1823 542 1862 autem
581 1818 696 1874 apud
729 1817 959 1861 Platonem
993 1816 1208 1861 refutatur
1240 1822 1392 1874 postea
1424 1817 1509 1862 297
1529 1817 1575 1861 C.
1611 1818 1706 1860 οὐδὲ
1738 1819 1814 1870 ἄρα
1846 1820 1888 1858 τὸ

199 1896 321 1935 καλὸν
367 1895 524 1947 ἀγαθόν
572 1896 690 1945 ἐστιν,
734 1893 828 1934 οὐδὲ
881 1895 922 1934 τὸ
975 1896 1134 1947 ἀγαθὸν
1186 1897 1331 1942 mmm
1384 1893 1519 1937 immo
1572 1893 1735 1937 ridetur
1781 1893 1890 1938 haec
1968 1920 1971 1925 ·

201 1969 339 2013 thesis
372 1969 456 2014 297
477 1969 527 2012 D.

258 2045 395 2101 Igitur
424 2047 744 2101 ivvzpuynatur
775 2049 816 2088 et
847 2047 1043 2089 reicitur
1074 2044 1115 2087 id
1149 2044 1264 2101 quod
1298 2044 1502 2088 Socrates
1535 2043 1888 2102 Xenophonteus

200 2125 367 2164 rectum
399 2125 441 2164 et
474 2135 624 2163 verum
659 2136 755 2164 esse
789 2120 1006 2163 credebat.

259 2196 355 2240 Hoc
381 2196 695 2252 gravissimum
725 2200 1035 2252 argumentum
1063 2200 1103 2239 et
1128 2196 1438 2239 documentum
1458 2195 1585 2239 nobis
1603 2211 1701 2240 esse
1720 2195 1890 2240 videtur

201 2271 541 2329 Xenophontem
593 2272 701 2315 haec
748 2286 842 2316 non
890 2287 941 2315 ex
990 2271 1173 2315 Platone
1221 2271 1462 2327 collegisse.
1505 2271 1635 2315 Omni
1668 2271 1891 2316 humanae

202 2347 361 2391 rationi
408 2352 620 2404 repugnat
669 2347 858 2404 aliquem
910 2347 952 2389 in
1001 2362 1046 2390 re
1080 2346 1385 2403 philosophica
1418 2346 1579 2389 imitari
1611 2346 1796 2390 alterum
1829 2347 1892 2390 ita

202 2428 247 2466 ut
293 2423 413 2467 illam
461 2427 631 2466 tantun]
682 2427 848 2480 partem
888 2421 1201 2479 disputationis
1233 2421 1401 2465 furetur
1433 2437 1564 2478 quam
1598 2421 1707 2465 alter
1737 2427 1891 2479 postea

200 2498 422 2542 reiecerat.
471 2498 520 2542 Si
566 2498 817 2555 Xenophon
865 2498 982 2541 hunc
1028 2497 1225 2541 Platonis
1259 2497 1484 2553 dialogum
1516 2496 1708 2553 legisset,
1741 2497 1889 2554 procul

202 2574 334 2617 dubio
377 2588 464 2617 non
506 2573 650 2617 media
694 2574 736 2616 in
780 2572 1079 2630 disputatione
1118 2572 1401 2621 substitisset,
1435 2572 1510 2616 sed
1542 2573 1595 2616 ad
1628 2573 1760 2616 finem
1792 2588 1888 2617 eam

202 2649 472 2706 perlegisset.
521 2648 635 2692 Turn
679 2648 810 2692 etiarn
859 2648 897 2691 ei
946 2647 1224 2705 apparuisset
1266 2647 1397 2691 talem
1431 2647 1695 2692 sententiam
1725 2647 1770 2692 in
1803 2663 1891 2706 qua

201 2725 407 2768 Socrates
449 2724 801 2780 Xenophonteus
848 2723 1066 2780 acquievit
1106 2738 1191 2766 non
1226 2723 1287 2766 sic
1319 2728 1481 2766 temere
1514 2723 1759 2779 ponendam
1793 2737 1891 2767 esse

203 2800 277 2843 sed
310 2799 511 2843 addenda
542 2799 770 2843 nonnulla.
803 2799 1008 2855 Ignotum
1040 2799 1171 2855 igitur
1198 2798 1336 2842 fuisse
1363 2797 1649 2854 Xenophonti
1682 2788 1888 2855 Hippiam

202 2875 423 2931 dialogum
472 2891 570 2918 cum
618 2874 748 2918 Mem.
792 2874 867 2923 III,
912 2876 939 2918 8
970 2874 1101 2927 tidem
1134 2874 1209 2917 IV.
1243 2874 1283 2926 6,
1317 2874 1466 2927 8—9.)
1499 2874 1705 2918 scriberet
1738 2890 1812 2932 per
1843 2889 1890 2917 se

144 2957 152 2968 '
203 2952 481 3008 intellegitur.
512 2951 834 2995 Similitudines
858 2956 1003 2994 autem
1033 2951 1192 3008 optime
1227 2951 1578 3007 explicabuntur,
1606 2949 1641 2993 si
1665 2964 1891 2993 sumemus
1953 3005 1959 3012 .
