2019 3299
871 187 947 229 111

73 313 130 356 30
162 312 228 365 E.)
258 311 340 367 ipsi
375 327 477 355 vero
510 311 769 367 inquirendo
802 328 977 369 operam
1013 314 1179 364 darent,
1212 315 1400 358 Ratione
1433 315 1552 358 Duce
1585 315 1626 358 in
1665 315 1753 358 vita

73 387 222 431 omnia
247 391 517 444 peragerent,
546 402 659 444 quae
686 387 854 430 ratione
882 388 990 431 duce
1012 389 1263 444 peragenda
1280 394 1395 432 sunt.
1414 390 1466 432 Et
1484 405 1749 447 quamquam

73 464 325 515 διαλέγεσθαι
367 466 408 505 et
451 467 629 502 συνεῖναι
671 466 712 504 et
752 465 1046 515 συνδιατρίβειν
1081 479 1167 506 non
1207 463 1320 506 idem
1355 470 1420 507 est
1452 470 1583 521 atque
1616 469 1751 508 arten]

73 536 259 594 pecunia
297 537 480 591 tradere,
515 536 665 580 omnia
696 552 746 580 eo
774 537 986 582 redibant.
1022 542 1067 580 ut
1100 538 1297 587 iuvenes,
1332 539 1405 595 qui
1444 539 1538 582 eius
1571 556 1750 583 consue-

72 613 221 656 tudine
277 612 538 662 fruerentur,
584 612 679 655 eius
726 613 1072 669 quaestiunculis
1104 629 1318 669 responsa
1350 615 1453 657 dare
1486 615 1754 658 sustinerent

71 687 195 742 (Plat.
223 687 362 730 Alcib.
402 688 480 731 127
499 687 548 730 E.
584 692 652 727 Ἀλ.
689 690 736 727 Τί
764 684 837 728 οὖν
870 690 936 728 τὸν
969 690 1213 740 αἰσθόμενον
1245 690 1315 740 χρὴ
1353 695 1495 737 ποιεῖν,
1528 688 1556 730 ὦ
1590 694 1752 742 Σώκρα-

69 779 148 811 τες;
191 767 284 802 Σωκ
338 764 630 813 ἀποκρίνεσθαι
661 764 706 802 τὰ
740 764 970 815 ἐρωτώμενα
1002 764 1163 814 κ.τ.λ.),
1201 764 1243 805 in
1278 763 1561 820 philosophia
1593 767 1749 810 morali

71 837 231 892 (Aulus
259 837 427 881 Gellius
458 837 554 880 XV.
588 839 657 881 20.
691 837 735 890 4)
783 842 823 880 et
856 838 909 881 ad
943 838 1174 881 dicendum
1208 842 1340 894 atque
1378 839 1596 894 agendum
1631 840 1751 884 insti-

69 918 294 957 tuerentur
327 912 477 968 (Mem.
510 912 583 955 IV.
617 915 656 956 5.
695 913 730 955 1.
760 915 1121 965 πρακτικωτέρουςς
1149 913 1226 955 IV.
1246 915 1284 956 6.
1313 914 1754 965 Ῑ.ὄιαλεκπικωτέρους;

68 989 142 1031 IV.
173 990 213 1032 3.
254 989 287 1030 l.
321 990 520 1036 λεκτικοὺς
552 990 616 1028 καὶ
648 988 922 1042 πρακτικούς).
957 988 1182 1045 Optimum
1217 989 1465 1045 exemplum
1500 989 1752 1034 Alcibiades

69 1069 110 1107 et
141 1063 300 1107 Critias
333 1063 641 1121 praebuerunt,
676 1063 805 1106 Mem.
842 1063 872 1106 Ι.
908 1064 948 1106 2.
990 1064 1172 1106 15—16.

124 1139 411 1196 Philosophia
447 1138 564 1181 enim
606 1137 853 1181 intellectus
896 1139 1116 1181 humanus
1159 1143 1291 1195 atque
1323 1154 1395 1181 ars
1428 1139 1598 1183 dicendi
1631 1157 1752 1185 exco-

70 1215 234 1263 luntur,
264 1230 377 1271 quae
410 1229 503 1262 nos,
533 1213 568 1256 si
602 1229 689 1257 non
724 1214 765 1256 in
800 1213 1020 1263 omnibus,
1055 1218 1250 1257 attamen
1285 1214 1512 1270 permultis
1547 1216 1588 1258 in
1622 1217 1751 1260 rebus

71 1290 278 1334 adiuvare
310 1295 508 1346 possunt.
541 1289 683 1332 Totus
715 1289 824 1332 liber
857 1289 1008 1332 tertius
1044 1289 1396 1333 Memorabilium
1419 1291 1499 1333 hoc
1519 1307 1597 1335 nos
1616 1293 1752 1336 docet.

72 1367 210 1409 Immo
242 1365 429 1409 artifices
461 1381 634 1422 quoque
666 1381 719 1409 ea
749 1365 1049 1422 intellegentia
1079 1366 1288 1409 iuvantur
1317 1366 1463 1419 (Mem.
1497 1367 1572 1411 ΙΙΙ.
1610 1368 1693 1419 10).

130 1440 407 1498 Quamquam
451 1456 504 1483 ne
546 1440 800 1484 Platonicus
833 1441 1007 1496 quidem
1042 1441 1247 1484 Socrates
1280 1456 1455 1484 omnem
1490 1442 1752 1500 sapientiam

74 1515 244 1559 videtur
280 1515 362 1558 sibi
394 1516 622 1572 denegare,
657 1515 710 1558 cf.
744 1516 854 1559 Plat.
889 1516 969 1573 Ap.
1004 1517 1061 1560 20
1081 1516 1132 1559 D.
1166 1519 1231 1556 διὰ
1265 1519 1413 1565 σοφίαν
1446 1519 1532 1557 τινὰ
1564 1527 1678 1559 τοῦτο
1713 1522 1752 1560 τὸ

72 1591 199 1643 ὄνομα
237 1593 392 1644 ἔσχηκα.
439 1593 537 1643 ἥπερ
579 1592 683 1632 ἐστὶν
719 1594 810 1640 ἴσως
847 1593 1089 1644 ἀνθρωπίνη
1118 1597 1251 1641 σοφία.
1285 1592 1338 1634 Cf.
1373 1591 1502 1636 Mem.
1534 1593 1564 1636 Ι.
1604 1594 1640 1638 1.
1679 1596 1751 1644 11;

73 1667 104 1711 I.
135 1668 265 1711 218,
297 1669 383 1719 περὶ
417 1670 555 1720 ἀρετῆς
586 1670 650 1708 καὶ
683 1677 759 1708 τῶν
791 1669 919 1708 ἄλλων
951 1669 1239 1719 ἀνθρωπίνων.
1273 1668 1396 1719 Quae
1429 1684 1526 1712 cum
1561 1669 1621 1713 ila
1652 1670 1752 1721 sint,

72 1743 411 1801 disputationem
469 1748 664 1787 nostram
723 1748 821 1800 apte
878 1744 1091 1787 conficere
1138 1748 1177 1787 et
1226 1744 1457 1788 absolvere
1504 1761 1752 1802 possumus.

72 1819 212 1863 Cardo
258 1835 400 1862 rerum
449 1819 519 1863 hic
565 1825 644 1870 est,
688 1821 802 1878 quod
851 1820 1055 1864 Socrates
1082 1823 1252 1875 palam
1294 1825 1537 1878 confitetur
1567 1826 1753 1863 παιδείαν

74 1895 187 1937 vitae
234 1910 341 1938 suae
373 1910 484 1951 opus
515 1901 647 1952 atque
680 1895 874 1939 studium
908 1895 1059 1938 fuisse.
1096 1896 1222 1939 Hanc
1254 1902 1401 1939 autem
1430 1897 1750 1942 confessionem

72 1968 229 2012 falsam
273 1985 369 2013 esse
407 1975 536 2027 atque
582 1970 762 2014 veritate
807 1970 998 2027 indigere
1032 1986 1161 2014 nemo
1204 1971 1291 2014 iam
1336 1973 1582 2016 contendet.
1628 1973 1752 2024 Quod

71 2049 216 2088 autern
248 2045 468 2089 liberrime
500 2061 625 2089 suam
660 2046 710 2089 de
742 2047 831 2089 vita
863 2062 945 2090 sua
976 2046 1239 2089 sententiam
1268 2047 1443 2101 profert,
1471 2049 1586 2105 quod
1605 2054 1753 2106 aperte

72 2123 204 2176 atque
250 2119 438 2176 ingenue
486 2120 561 2164 illa
603 2121 846 2167 confitetur.
891 2122 972 2164 hoc
1010 2137 1095 2164 non
1129 2122 1393 2178 respondere
1426 2122 1548 2166 aiunt
1580 2124 1753 2168 Socrati

72 2193 309 2238 Platonico.
343 2195 673 2240 Meminerimus
705 2202 850 2240 autem
885 2196 927 2239 in
961 2196 1180 2254 Apologia
1209 2196 1532 2254 Xenophontea
1548 2200 1751 2243 acerbum

73 2274 267 2312 nostrum
311 2269 536 2314 Socratem
580 2272 634 2315 ab
666 2271 931 2315 adversariis
963 2271 1090 2328 quasi
1123 2271 1294 2315 leonem
1328 2273 1545 2329 quendam
1579 2275 1753 2318 lacessi-

70 2349 178 2395 tum,
211 2347 331 2389 omni
362 2347 713 2391 dissimulatione
746 2354 877 2405 atque
910 2348 1050 2392 ironia
1084 2354 1264 2399 remota,
1299 2365 1351 2392 ex
1382 2350 1754 2393 animisententia

73 2426 113 2464 et
143 2421 411 2465 liberrimum
446 2422 487 2465 in
522 2424 696 2466 modum
730 2439 910 2468 causam
943 2439 1068 2467 suam
1104 2424 1347 2468 defendere.
1381 2424 1494 2475 Quid
1527 2430 1591 2468 est
1622 2425 1753 2481 igitur

73 2497 186 2553 quod
228 2497 469 2541 miremur?
516 2499 600 2548 An,
654 2499 891 2556 quominus
940 2500 1047 2542 haec
1096 2500 1156 2543 ita
1202 2500 1317 2543 dicta
1364 2516 1461 2544 esse
1508 2517 1751 2547 sumamus,

71 2571 245 2615 retineri
276 2588 356 2616 nos
389 2574 605 2630 patiemur
634 2574 777 2618 verbis
805 2574 891 2618 illis
920 2575 1034 2631 apud
1064 2575 1291 2618 Platonem
1321 2575 1478 2625 obviis,
1510 2575 1582 2618 ubi
1611 2576 1752 2618 bellus

70 2647 143 2690 ille
183 2648 386 2692 Socrates
422 2676 471 2680 —
506 2647 638 2706 atque
679 2665 919 2706 numquam
960 2666 1047 2693 non
1097 2650 1265 2693 facetus
1302 2677 1351 2681 ———
1387 2650 1752 2694 dissimulationis

73 2722 227 2779 plen-us
252 2728 381 2781 atque
408 2724 589 2774 ironiae,
619 2730 750 2781 negat
778 2741 824 2768 se
852 2725 1086 2782 quicquam
1114 2725 1358 2782 sapientiae
1377 2727 1537 2770 habere
1555 2726 1751 2774 (Ttieaet.

76 2798 157 2842 150
175 2797 256 2852 C)‘?
288 2798 455 2841 Nostra
485 2799 706 2843 sententia
735 2799 784 2849 is,
819 2799 892 2856 qui
928 2800 1196 2855 pertriginta
1215 2799 1281 2843 vel
1300 2801 1595 2857 quadraginta
1612 2818 1752 2845 annos

72 2875 117 2913 τὰ
146 2875 246 2913 αὐτὰ
278 2875 366 2926 περὶ
396 2882 473 2914 τῶν
504 2876 636 2915 αὐτῶν
666 2876 780 2928 λέγει,
808 2890 893 2918 non
922 2875 1015 2918 sine
1044 2875 1192 2932 aliqua
1227 2876 1410 2920 scientia
1436 2877 1501 2920 vel
1535 2877 1752 2934 sapientia

73 2963 169 2991 esse
214 2953 369 3005 potest,
411 2949 525 3006 quod
568 2949 730 3005 optime
772 2949 1020 2993 illustratur
1062 2950 1180 2994 hisce
1216 2951 1360 2995 verbis
1393 2967 1443 2994 ex
1476 2952 1604 3009 Apol.
1638 2952 1750 2995 Xen.
