2019 3299
868 190 924 232 99

128 313 213 356 Ubi
255 328 357 369 ergo
389 313 576 369 legimus
609 312 719 355 25ss
751 313 775 365 ἢ
808 314 1045 353 τούναντίον
1077 316 1220 354 τούτου
1257 322 1337 353 πᾶν
1384 311 1455 361 εἷς
1488 314 1578 363 μέν
1611 331 1685 361 τις
1718 312 1737 353 ὃ

62 391 290 440 βελτίους
331 385 413 435 οἷός
450 387 474 427 τ’
512 387 567 427 ὢν
593 392 722 426 ποιεῖν
754 387 778 439 ἢ
811 390 918 428 πάνυ
946 387 1083 440 ὀλίγοι,
1116 389 1156 427 οἵ
1184 389 1353 435 ἱππικοί,
1385 388 1512 430 nobis
1545 387 1652 430 illud
1685 385 1737 435 εἷς

62 478 146 506 non
194 462 278 506 iam
325 462 480 505 mirum
529 461 710 505 videtur.
760 461 922 505 Subest
963 462 1077 505 enim
1123 462 1231 505 haec
1263 462 1490 518 cogitatio:
1525 463 1740 507 Socrates

61 540 189 582 solus
221 541 435 581 homines
462 539 662 581 educare
683 539 846 592 potest.

121 612 327 656 Videmus
359 612 508 655 omnia
539 612 645 655 haec
680 612 845 669 optime
877 612 1119 660 decurrere,
1148 611 1184 655 si
1208 612 1258 654 de
1279 612 1459 655 Socrate
1477 612 1738 669 disputando

60 694 98 732 et
140 688 447 744 interrogando
493 688 676 731 iuvenes
708 687 979 744 depravante
1011 686 1268 743 accipimus.
1302 687 1379 730 Sin
1412 692 1557 730 autem
1592 687 1740 744 depra-

61 762 177 806 vatio
229 763 304 806 illa
354 779 405 806 ex
453 763 649 807 Socratis
701 762 924 819 impietate
972 767 1238 812 nasceretur,
1289 762 1476 819 primum
1528 767 1619 806 tota
1664 762 1740 806 illa

58 838 248 881 reductio
280 839 333 881 ad
367 838 606 882 absurdum
641 838 826 881 ridicula
857 838 992 881 fieret.
1028 838 1199 881 Etenim
1228 837 1416 881 Meletus
1443 842 1534 880 tum
1564 854 1739 895 respon-

59 914 157 957 dere
201 919 370 970 posset:
412 913 480 957 Ita
520 913 742 968 Socrates,
787 918 832 956 tu
877 913 1011 963 solus,
1054 918 1098 956 tu
1149 913 1265 956 enim
1309 913 1413 956 deos
1455 914 1619 969 patrios
1653 929 1738 957 non

59 989 178 1038 colis,
225 995 268 1032 tu
316 989 549 1033 iuvenibus
597 989 836 1046 persuades
884 993 930 1032 ut
977 993 1017 1032 te
1065 988 1305 1032 imitentur.
1357 988 1511 1046 Neque
1554 989 1740 1033 Meletus

60 1065 263 1108 ridendus
306 1069 434 1113 esset,
474 1065 549 1108 sed
588 1065 714 1108 Plato
757 1069 932 1121 propter
964 1064 1156 1122 ineptam
1186 1064 1305 1108 illam
1341 1064 1541 1108 ironiam.
1576 1065 1741 1108 Deinde

58 1140 326 1197 comparatio
358 1140 434 1184 illa
460 1156 671 1198 equorum
706 1141 819 1184 male
852 1139 1057 1197 apposita
1089 1145 1220 1183 esset.

26 1210 29 1212 ¹
119 1215 448 1259 Meminerimus
490 1220 636 1259 autem
681 1217 790 1259 haec
830 1216 915 1271 legi
955 1220 1191 1272 antequam
1227 1215 1411 1258 crimina
1442 1215 1742 1260 contaminata

62 1296 162 1335 sunt
197 1292 272 1346 (26
291 1291 357 1344 Β).

116 1442 217 1486 Non
266 1442 409 1485 solum
458 1446 603 1485 autem
652 1441 694 1484 in
743 1440 964 1498 Apologia
1010 1441 1225 1497 permixta
1271 1446 1372 1484 sunt
1419 1446 1460 1484 et
1507 1441 1741 1486 coniuncta

58 1517 254 1562 crimina.
288 1518 336 1561 In
369 1517 556 1574 dialogo,
590 1516 658 1560 cui
691 1517 846 1560 titulus
878 1516 1184 1574 Euthyphron,
1218 1516 1381 1560 similia
1398 1516 1614 1573 leguntur,
1642 1518 1738 1561 3A.

57 1597 127 1634 καί
149 1612 216 1646 μοι
247 1596 344 1648 λέγε,
373 1597 409 1634 τί
438 1595 501 1634 καὶ
535 1597 731 1634 ποιοῦντά
763 1595 804 1635 σέ
831 1607 929 1645 φησι
962 1595 1215 1645 διαφθείρειν
1246 1595 1336 1641 τοὺς
1368 1595 1505 1642 νέους;
1537 1593 1740 1638 Socrates

56 1670 309 1723 respondet:
334 1670 496 1721 ’Ἁτοπα,
528 1666 557 1710 ὦ
589 1671 806 1721 θαυμάσιε,
837 1669 888 1717 ὡς
922 1671 1023 1709 οὕτω
1056 1668 1084 1722 γ’
1122 1669 1304 1709 ἀκοῦσαι,
1336 1670 1434 1720 φησὶ
1462 1671 1536 1723 γάρ
1563 1685 1609 1720 με
1626 1686 1741 1722 ποιη-

56 1748 127 1798 τὴν
168 1743 267 1786 εἶναι
309 1751 432 1797 θεῶν,
472 1746 538 1785 καὶ
580 1746 631 1793 ὡς
672 1747 837 1793 καινοὺς
879 1753 1073 1785 ποιοῦντα
1105 1748 1241 1794 θεούς,
1272 1747 1364 1793 τοὺς
1396 1743 1434 1785 δ’
1471 1745 1660 1798 ἀρχαίους
1693 1748 1739 1786 οὐ
1770 1760 1772 1762 ’

58 1823 266 1872 νομίζοντα
293 1822 494 1874 ἐγράψατο
527 1823 676 1860 τούτων
705 1821 836 1860 αὐτῶν
868 1819 998 1871 ἕνεκα,
1027 1821 1078 1868 ὥς
1110 1834 1247 1871 φησιν.

118 1896 212 1939 Hoc
239 1911 412 1953 quoque
440 1895 482 1938 in
511 1895 686 1951 dialogo
713 1894 894 1938 confuse
922 1895 1113 1952 loquitur
1138 1895 1278 1945 Plato,
1309 1911 1449 1952 neque
1468 1896 1576 1939 bene
1593 1896 1742 1940 omnia

58 1972 290 2015 cohaerere
322 1971 428 2014 mihi
464 1971 678 2014 videntur.
714 1970 799 2014 Ubi
833 1970 964 2025 enim,
998 1971 1024 2013 2
1058 1970 1104 2020 C,
1137 1970 1344 2027 legimus:
1379 1974 1420 2012 τὸ
1448 1974 1521 2024 γὰρ
1540 1974 1630 2012 νέον
1648 1973 1741 2013 ὄντα

58 2056 248 2089 τοσοῦτον
273 2055 433 2100 πρᾶγμα
464 2047 677 2099 ἐγνωκέναι
710 2048 758 2087 οὐ
790 2049 949 2097 φαῦλόν
980 2047 1095 2086 ἐστιν.
1128 2047 1276 2094 ἐκεῖνος
1308 2049 1396 2099 γάρ,
1422 2048 1472 2094 ὥς
1499 2061 1637 2099 φησιν,
1659 2045 1742 2088 οἶδε

58 2126 143 2165 τίνα
181 2125 328 2176 τρόπον
370 2125 406 2164 οἱ
450 2124 532 2164 νέοι
573 2125 883 2175 διαφθείρονται
924 2124 989 2163 καὶ
1032 2125 1132 2171 τίνες
1171 2124 1212 2163 οἵ
1246 2125 1552 2174 διαφθείροντες
1584 2124 1743 2173 αὐτόυς,

59 2199 179 2249 haec,
212 2198 378 2256 opinor,
412 2197 587 2241 nonnisi
620 2198 671 2241 de
704 2198 978 2248 educatione,
1010 2213 1113 2242 vera
1155 2202 1194 2241 et
1238 2197 1366 2246 falsa,
1409 2202 1527 2241 recta
1569 2202 1609 2241 et
1650 2213 1741 2255 per-

61 2290 200 2324 versa,
227 2274 363 2331 accipi
391 2279 588 2330 possunt.
617 2273 784 2316 Ironice
803 2273 1008 2317 Socrates
1031 2273 1094 2316 Pl.
1114 2273 1295 2317 miratur
1314 2273 1519 2316 Meletum
1540 2273 1740 2316 iuvenem

61 2350 222 2393 vidisse
267 2354 307 2392 et
351 2348 619 2392 intellexisse
668 2364 773 2402 rem,
821 2353 972 2398 artem,
1018 2348 1214 2392 omnium
1250 2348 1548 2392 difficillimam
1580 2349 1742 2402 (mente

59 2424 374 2482 supplendum:
417 2427 634 2478 παιδείαν).
676 2424 950 2480 [mpietatem
989 2428 1137 2467 autem
1171 2423 1358 2467 alicuius
1392 2424 1741 2467 animadvertere

61 2501 176 2544 haud
208 2500 270 2544 ita
293 2499 464 2543 difficile
496 2504 577 2543 est.
613 2501 936 2544 Daemonium
964 2502 1210 2554 praeterea
1234 2503 1453 2544 omnibus
1468 2501 1742 2544 hominibus

59 2579 367 2621 notissimum
412 2579 526 2629 erat,
574 2575 702 2631 Apol.
751 2576 871 2618 32C.
919 2575 1004 2618 Ubi
1038 2574 1169 2630 igitur
1201 2574 1241 2617 in
1279 2575 1423 2618 verbis
1456 2575 1742 2632 sequentibus

60 2652 294 2709 opponitur
333 2650 519 2694 Meletus
565 2650 743 2706 sapiens
791 2655 832 2694 et
880 2651 1071 2707 prudens
1118 2650 1313 2694 Socratis
1360 2650 1585 2701 stultitiae,
1635 2651 1742 2694 haec

3 2783 5 2790 ἶ
61 2743 192 2771 sensu
238 2743 367 2771 cassa
412 2732 574 2776 essent,
630 2728 666 2771 si
710 2727 1032 2784 significarent:
1080 2727 1284 2771 Socrates
1336 2728 1440 2771 deos
1493 2743 1579 2771 non
1627 2727 1741 2777 colit,

61 2803 242 2846 iuvenes
289 2803 401 2846 idem
451 2803 588 2852 docet,
636 2803 745 2846 haec
783 2807 848 2846 est
884 2803 979 2846 eius
1011 2802 1214 2852 stultitia,
1248 2818 1334 2846 non
1369 2802 1485 2846 enim
1520 2802 1635 2846 videt
1667 2818 1742 2846 eos

6 2929 7 2935 ¹
62 2878 123 2921 sic
167 2878 416 2935 depravari;
452 2878 638 2921 Meletus
678 2878 759 2920 hoc
794 2877 900 2921 vidit
932 2882 972 2921 et
1006 2877 1232 2927 intellexit,
1264 2878 1396 2921 homo
1429 2878 1619 2935 sapiens,
1655 2893 1740 2921 non

7 2974 11 3006 ζ
62 2953 176 2996 enim
208 2953 382 3009 ignorat
413 2953 476 2996 sic
507 2953 690 2997 iuvenes
723 2953 956 3010 corrumpi.
