2019 3299
921 206 997 248 165

118 326 344 370 Platonem
380 353 429 358 —-
464 330 533 371 sic
578 330 629 372 ut
681 342 738 372 em
786 331 944 372 (iridis
993 330 1261 374 Annalibus
1294 333 1495 385 scriptor
1526 333 1796 380 historicus,

117 402 320 446 Tacitum
371 408 474 458 puta
523 430 588 452 ——,
638 404 863 447 materiem
908 405 1153 462 sumpsisse
1196 422 1217 449 e
1260 406 1567 462 Xenophontis
1610 406 1796 462 scriptis,

117 494 300 536 eamque
329 478 369 521 in
404 494 532 521 suum
566 494 693 521 usum
723 479 951 535 subegisse
984 486 1024 522 et
1058 481 1357 530 exornavisse,
1391 481 1452 524 ita
1485 488 1527 524 ut
1563 482 1681 525 fieret
1710 497 1795 524 non

116 555 243 598 modo
290 570 376 597 non
424 554 595 597 servilis
644 555 857 598 mutuatio
900 556 975 598 sed
1020 556 1150 599 etiam
1189 556 1332 613 lepida
1364 562 1403 599 et
1437 556 1581 600 faceta
1613 557 1796 600 mutatio

114 637 153 673 et
185 629 456 673 admirabilis
489 628 531 671 in
565 629 916 684 philosophando
950 631 1210 686 progressio.

172 704 412 761 Postquam
455 708 601 746 autem
644 703 874 753 sententia,
913 720 1000 761 qua
1035 705 1263 761 pulchrum
1299 712 1364 749 est
1397 706 1436 749 id
1470 707 1585 763 quod
1620 707 1724 749 utile
1757 712 1796 749 et

114 780 274 822 bonum
309 783 387 827 est,
421 778 678 835 impugnata
710 783 750 821 et
782 779 942 822 reiecta
974 785 1051 828 est,
1082 781 1196 836 apud
1227 786 1459 837 utrumque
1488 781 1684 838 sequitur
1711 781 1798 825 alia

114 853 319 903 definitio,
354 869 412 896 so.
446 869 498 896 ea
529 869 640 910 quae
672 858 797 909 grata
830 859 931 897 sunt
964 855 1147 909 pulchra
1179 860 1292 898 sunt.

171 929 299 985 Apud
332 928 671 984 Xenophontem
706 928 780 970 III.
806 929 846 971 8.
875 930 957 971 8—
972 929 1020 972 lo
1049 930 1369 986 pulcherrimae
1398 931 1553 973 domus
1582 931 1798 974 hahentur

112 1020 224 1061 quae
255 1009 356 1047 sunt
385 1003 647 1047 utilissimae
676 1004 699 1045 i.
720 1019 755 1046 e.
785 1019 896 1060 quae
925 1009 1026 1047 sunt
1055 1005 1334 1060 gratissimae
1368 1013 1407 1048 et
1438 1006 1795 1050 iucundissimae.

171 1080 299 1136 Apud
326 1079 553 1123 Platonem
583 1079 637 1122 ab
665 1079 759 1135 ipso
788 1079 968 1122 Socrate
998 1080 1104 1123 haee
1132 1070 1327 1123 definitio
1355 1081 1612 1137 proponitur
1629 1081 1798 1125 comica

113 1159 258 1197 autem
294 1154 446 1203 ironia,
480 1153 533 1197 cf.
555 1154 684 1210 Hipp.
721 1169 775 1197 m.
809 1154 892 1196 297
923 1154 970 1196 E.
1001 1164 1082 1203 πῶς
1115 1174 1146 1194 τι
1181 1155 1235 1207 ἄρ’
1259 1156 1307 1195 ἂν
1341 1159 1633 1207 ἀγωνιζοίμεθα
1666 1157 1794 1209 (idem

112 1230 245 1272 Arist.
278 1230 447 1286 Vespes
478 1230 592 1279 993).

170 1305 388 1362 Imprimis
431 1310 576 1348 autem
621 1305 834 1348 nonnulla
869 1306 1003 1349 verba
1043 1322 1069 1349 a
1112 1306 1293 1350 Platone
1336 1306 1376 1349 in
1412 1323 1540 1350 suum
1573 1306 1794 1360 dialogum

112 1381 327 1424 translata
358 1386 460 1424 sunt
493 1397 544 1424 ex
577 1381 884 1438 Xenophonte.

112 1488 244 1531 Mem.
278 1488 352 1532 IV.
386 1490 425 1532 8.
463 1490 528 1533 10.
951 1494 953 1554 Α
1023 1490 1154 1547 Hipp.
1188 1506 1244 1533 m.
1278 1491 1365 1535 298
1382 1491 1435 1534 A.

1234 1568 1280 1606 τὰ
1313 1570 1633 1618 ποικίλματα
1665 1570 1795 1608 πάντα

167 1565 366 1617 γραφαὶ
413 1565 455 1605 δὲ
506 1565 572 1605 καὶ
618 1567 884 1605 ποικιλίαι
951 1560 952 1615 i

108 1643 293 1688 πλείονας
319 1642 572 1693 εὐφροσύνας
596 1641 885 1693 ἀποστεροῦσιν
950 1634 951 1703 i
1017 1643 1083 1682 καὶ
1129 1643 1175 1681 τὰ
1224 1645 1610 1695 ζωγραφήματα
1646 1643 1713 1683 καὶ
1750 1645 1795 1683 τὰ

107 1715 132 1767 ἢ
165 1716 392 1768 παρέχουσι.
949 1719 951 1777 ζ
1016 1720 1226 1769 πλάσματα
1273 1719 1401 1769 τέρπει
1451 1717 1554 1769 ἡμᾶς
1607 1718 1795 1771 ὁρῶντας,

948 1784 950 1878 '¹
1016 1793 1040 1832 ἃ
1073 1792 1122 1831 ἂν
1155 1794 1255 1832 καλὰ
1288 1791 1325 1849 ᾖ.

1074 1867 1329 1925 Sequuntur
1376 1868 1591 1912 nonnulla
1645 1883 1697 1911 ex
1743 1884 1792 1912 eo

947 1935 949 1940 ’
1014 1958 1172 1998 genere
1205 1943 1406 2000 exempla
1438 1948 1479 1987 et
1514 1944 1742 1988 voeabula.

169 2060 376 2104 Videmus
424 2061 537 2122 hano
582 2060 914 2104 similitudinem
954 2061 1208 2111 dissimiles,
1245 2061 1311 2104 vel
1354 2062 1500 2118 potius
1532 2063 1791 2113 contrarias,

105 2136 336 2193 opiniones
383 2137 619 2179 continere.
670 2136 996 2193 Xenophontea
1039 2136 1166 2179 nobis
1200 2152 1300 2180 vere
1343 2137 1569 2181 Socratica
1609 2138 1793 2182 videtur.

104 2212 311 2256 Socrates
351 2211 467 2255 enim
508 2212 563 2255 ab
607 2212 725 2254 omni
757 2212 932 2255 luxuria
967 2212 1136 2255 videtur
1168 2212 1469 2256 abhorruisse.
1504 2213 1666 2257 Contra
1698 2214 1791 2257 Pla-

104 2287 250 2330 tonica
292 2287 433 2343 magis
474 2287 701 2330 Platonem
741 2288 876 2342 decet⁷
922 2287 1145 2331 hominem
1179 2287 1396 2344 politioris
1429 2288 1720 2333 humanitatis
1753 2294 1793 2333 et

105 2363 147 2405 in
196 2362 286 2405 vita
330 2366 371 2405 et
421 2362 533 2405 victu
583 2362 713 2419 paulo
762 2362 1074 2406 delicatiorem.
1124 2362 1358 2406 Praeterea
1406 2379 1458 2406 ne
1502 2364 1583 2407 hoo
1615 2364 1790 2421 quidem

104 2437 405 2480 omittendum.
449 2436 521 2480 Sic
553 2441 599 2480 ut
637 2437 765 2494 Hipp.
798 2437 1020 2486 295CD„
1054 2442 1288 2495 postquam
1326 2439 1459 2482 verba
1497 2441 1594 2490 πρὸς
1628 2445 1792 2491 (δρόμον,

104 2515 200 2565 πρὸς
243 2516 373 2564 πάλην
412 2513 651 2563 transtulit,
695 2513 858 2562 statim,
893 2514 944 2556 de
978 2529 1111 2562 more,
1146 2514 1345 2557 ubertate
1379 2515 1570 2572 quadam
1605 2515 1790 2559 aliorum

102 2588 399 2644 exemplorum
448 2588 788 2645 disputationem
848 2588 1077 2631 exornavit
1134 2593 1174 2631 et
1230 2588 1511 2639 illuminavit,
1567 2590 1627 2634 ita
1674 2607 1790 2635 nuno

103 2678 277 2720 quoque
317 2663 405 2706 alia
448 2663 663 2706 vocabula
704 2664 938 2706 adduntur.
982 2664 1050 2706 An
1095 2663 1175 2706 hoc
1209 2663 1372 2707 factum
1408 2669 1473 2708 est
1507 2670 1552 2708 ut
1585 2665 1789 2710 imitatio-

105 2754 202 2781 nem
234 2738 507 2782 occultaret?

158 2813 286 2868 Apud
320 2812 662 2869 Xenophontem
706 2813 884 2856 uberius
919 2818 1131 2857 tractatur
1164 2815 1363 2871 quaestio
1397 2815 1448 2858 de
1480 2816 1610 2859 modo
1643 2816 1786 2860 aedifi-

103 2887 231 2930 candi
277 2887 319 2930 in
367 2888 467 2931 Oee.
512 2889 553 2937 9,
604 2888 676 2931 ubi
724 2889 831 2932 haec
882 2889 1016 2932 verba
1064 2888 1222 2932 iterum
1270 2889 1475 2945 leguntur
1518 2929 1655 2931 ssr--
1689 2906 1788 2934 vere

103 2962 429 3020 Xenophontea
462 2966 591 3007 faeta.
