2019 3299
936 767 1131 811 CAPUT
1164 768 1217 812 II.

808 927 903 980 DE
945 914 1340 983 DAEMONIO.

225 1139 249 1187 ξ
282 1141 313 1176 l.
372 1138 624 1175 DEFENSIO
656 1139 717 1174 ET
750 1139 952 1176 CAUSAE
990 1139 1289 1176 TRACTATIO
1328 1140 1469 1177 APUD
1503 1140 1913 1179 XENOPHONTEM.

288 1274 583 1333 Xenophonte
629 1281 806 1320 auctore
863 1277 1084 1321 accusatio
1139 1277 1207 1320 his
1254 1277 1344 1321 fere
1390 1277 1536 1321 verbis
1584 1279 1748 1336 scripta
1794 1283 1910 1322 erat:

230 1355 374 1393 Ἀδικεῖ
409 1356 627 1406 Σωκράτης
669 1354 739 1402 οὓς
781 1353 852 1405 μὲν
892 1354 916 1406 ἡ
958 1356 1070 1403 πόλις
1103 1357 1251 1407 νομίζει
1281 1358 1405 1404 θεοὺς
1438 1357 1485 1397 οὐ
1519 1359 1704 1407 νομίζων,
1734 1356 1842 1407 ἕτερα
1874 1355 1916 1395 δὲ

227 1430 347 1468 καινὰ
379 1430 567 1480 δαιμόνια
600 1430 805 1482 εἰσφέρων·
837 1431 971 1470 ἀδικεῖ
993 1429 1035 1470 δὲ
1065 1431 1131 1470 καὶ
1162 1433 1258 1471 τοὺσ
1285 1432 1402 1480 νέους
1430 1433 1693 1485 διαφθείρων,
1721 1430 1852 1474 Mem.
1880 1430 1913 1474 Ῑ.

231 1505 267 1547 1.
305 1504 350 1553 1;
384 1504 513 1561 Apol.
556 1505 623 1549 10.

287 1580 459 1624 Patrios
491 1581 596 1624 deos
628 1580 834 1624 Socrates
866 1596 954 1624 non
987 1581 1110 1630 colit;
1143 1581 1233 1625 alia
1264 1597 1381 1626 nova
1413 1586 1544 1639 atque
1576 1581 1778 1625 inaudita
1815 1581 1841 1624 i.
1875 1597 1911 1625 e.

227 1660 346 1695 καινά
376 1655 611 1699 daemonia
643 1656 892 1699 introducit.

289 1731 497 1775 Videmus
524 1732 686 1775 crimen
715 1731 952 1788 impietatis
980 1748 1001 1775 e
1024 1732 1196 1775 duabus
1222 1732 1421 1789 partibus
1445 1737 1664 1776 constare.
1684 1731 1912 1789 Rogamus

227 1808 446 1865 quomodo
493 1808 574 1851 hoc
621 1807 784 1851 crimen
828 1812 868 1851 et
909 1808 1024 1864 apud
1058 1807 1414 1864 Xenophontem,
1447 1813 1487 1851 et
1521 1808 1637 1864 apud
1671 1808 1911 1857 Platonem,

227 1883 419 1926 diluatur
451 1888 491 1926 et
523 1883 749 1926 refutetur.

286 1958 535 2015 Xenophon
569 1958 611 2001 in
646 1958 864 2015 Apologia
896 1974 978 2002 sua
1010 1959 1159 2002 statim
1194 1959 1248 2003 ad
1280 1975 1369 2002 rem
1414 1959 1555 2016 ipsam
1596 1959 1727 2009 venit,
1761 1959 1910 2003 statim

224 2034 385 2077 crimen
419 2034 631 2090 gravibus
662 2033 918 2091 idoneisque
946 2035 1219 2090 argumentis
1247 2034 1445 2078 refellere
1473 2039 1669 2078 conatur.
1698 2034 1826 2090 Apol.
1860 2035 1910 2077 11

224 2109 495 2153 liberrimum
537 2109 580 2152 in
624 2110 815 2157 modum,
861 2110 1226 2161 admirabundus,
1270 2126 1322 2154 ne
1365 2110 1504 2154 dicam
1539 2110 1912 2167 indignabundus,

226 2186 444 2236 Socrates,
494 2185 555 2228 sic
603 2190 648 2228 ut
695 2201 740 2228 re
791 2200 893 2228 vera
933 2201 1032 2228 eum
1066 2185 1223 2229 fecisse
1256 2186 1460 2229 credibile
1493 2191 1572 2236 est,
1606 2186 1756 2243 incipit
1791 2185 1911 2229 hisce

227 2262 392 2305 verbis:
434 2261 517 2302 Ἀλλ’
554 2263 642 2315 ἐγώ,
673 2258 702 2302 ὦ
736 2263 892 2314 ἄνδρες,
924 2269 1038 2302 τοῦτο
1080 2262 1150 2312 μὲν
1184 2270 1340 2313 πρῶτον
1381 2266 1577 2314 θαυμάζω
1619 2264 1806 2314 Μελήτου
1839 2264 1912 2319 ὅτῳ

225 2338 318 2379 ποτὲ
349 2340 471 2389 γνοὺς
504 2338 618 2390 λέγει,
649 2337 700 2385 ὡς
733 2338 807 2390 ἐγὼ
840 2337 909 2385 οὓς
942 2336 966 2388 ἡ
998 2338 1111 2385 πόλις
1143 2340 1293 2389 νομίζει
1323 2339 1446 2385 θεοὺς
1479 2339 1526 2377 οὐ
1560 2340 1719 2388 νομίζω.

284 2413 449 2456 Deinde
478 2412 653 2456 unicum
682 2416 990 2468 argumentum
1018 2411 1132 2468 quod
1158 2411 1312 2455 afferre
1336 2417 1476 2469 potest
1495 2412 1699 2456 idoneum
1718 2411 1912 2461 adhibet,

225 2489 320 2532 dieo
353 2491 692 2545 aryumentum
725 2503 747 2531 6
777 2490 900 2532 vita:
936 2488 1018 2528 ἐπεὶ
1050 2491 1208 2528 θύοντα
1240 2489 1282 2541 γε’
1314 2505 1360 2540 με
1390 2489 1432 2528 ἐν
1464 2494 1546 2536 ταῖς
1577 2493 1730 2537 κοιναῖς
1761 2489 1912 2541 ἑορταῖς

225 2566 291 2605 καὶ
336 2566 399 2605 ἐπὶ
447 2574 523 2605 τῶν
569 2567 771 2617 δημοσίων
818 2568 965 2617 βωμῶν
1003 2565 1068 2604 καὶ
1101 2566 1141 2604 οἱ
1170 2566 1280 2605 ἄλλοι
1311 2567 1352 2605 οἵ
1379 2567 1749 2618 παρατυγχάνοντες
1779 2565 1913 2616 ἑώρων

225 2643 291 2681 καὶ
322 2642 441 2688 αὐτὸς
474 2642 659 2692 Μέλητος
691 2642 723 2681 εἰ
755 2640 958 2692 ἠβούλετο.

286 2716 407 2760 Haec
454 2715 492 2758 ei
538 2715 745 2759 refutatio
788 2715 884 2758 sola
916 2715 1124 2759 restabat.
1158 2714 1326 2765 Quibus
1359 2715 1475 2758 enim
1508 2715 1607 2758 aliis
1640 2714 1912 2771 argumentis

224 2792 310 2835 tale
342 2807 504 2835 crimen
539 2791 575 2834 ei
610 2791 863 2834 diluendum
898 2792 1024 2834 erat?
1066 2792 1222 2835 Verbis
1256 2791 1325 2834 hic
1358 2791 1643 2847 pugnandum
1676 2805 1762 2833 non
1796 2794 1910 2833 erat:

220 2870 355 2922 facta
407 2882 489 2910 sua
535 2866 740 2910 Socrates
788 2867 1004 2910 iudicibus
1054 2867 1096 2909 in
1129 2866 1384 2910 memoriam
1418 2872 1608 2924 revocat.
1643 2865 1912 2908 Brevissime

226 2944 333 2986 haec
365 2958 391 2985 a
423 2941 716 2998 Xenophonte
748 2946 1164 2990 commemorantur;
1200 2942 1325 2998 plura
1351 2941 1482 2998 igitur
1504 2941 1728 2985 Socratem
1748 2940 1912 2983 dixisse
