2019 3299
901 203 981 246 117

96 323 293 368 imitatus
325 328 405 372 est,
438 323 513 366 sed
546 327 692 367 tamen
736 325 952 369 eiusmodi
990 326 1092 383 quid
1125 327 1297 371 locutus
1330 333 1409 372 est.
1447 329 1666 384 „Flectere
1700 345 1777 373 vos

96 400 260 444 iudices
306 404 346 443 et
392 400 560 443 mollire
608 400 807 457 precibus
856 417 1002 446 meum
1037 418 1122 446 non
1160 404 1277 447 duxi.
1311 405 1496 448 Summo
1529 403 1619 447 iure
1653 404 1778 447 vobis

98 475 165 518 ius
195 474 426 517 dicendum
459 479 537 518 est.
571 474 737 525 Quodsi
770 476 972 532 precibus
1005 482 1044 520 et
1079 477 1393 522 blandimentis
1427 495 1505 523 vos
1538 479 1701 522 moveri
1737 484 1777 522 et

95 549 221 592 leniri
253 548 408 597 sinitis.
443 548 750 592 iusiurandum
786 555 978 593 vestrum
1000 551 1185 595 violatis.
1225 552 1374 596 Nolite
1408 569 1510 610 ergo
1543 569 1569 597 a
1595 568 1663 596 me
1682 568 1777 609 pos-

96 624 235 668 tulare
268 629 312 667 ut
347 639 422 667 vos
455 624 508 668 ad
542 624 674 667 talem
706 623 974 680 impietatem
1006 625 1243 682 impellam,
1277 642 1327 670 eo
1354 627 1513 679 minus,
1541 628 1657 685 quod
1685 628 1778 684 ipse

96 698 331 754 impietatis
363 713 559 742 accusor.
593 697 666 742 Sic
699 698 813 742 enim
847 715 892 742 re
926 715 1030 743 vera
1056 700 1214 757 dignus
1242 717 1385 745 essem
1418 703 1492 759 qui
1519 719 1569 746 eo
1597 703 1778 764 crimine

95 773 457 817 condemnarer.'’

154 849 448 905 Agnoscimus
480 849 665 893 ironiam
700 849 987 894 Platonicam.

154 923 493 968 Similitudinem
541 924 731 969 indicare
769 929 968 970 nostrum
1004 931 1110 977 erat,
1143 943 1256 984 quae
1290 927 1503 984 imprimis
1537 929 1777 980 vocabulis,

94 1015 206 1057 quae
252 1005 355 1044 sunt
403 1002 613 1053 ἐπιορκεῖν,
654 1003 854 1054 εὐσεβοῖεν
897 1000 1044 1058 (Apol.
1088 1002 1198 1046 Plat.
1240 1004 1296 1047 35
1315 1003 1390 1057 C.)‚
1435 1004 1672 1049 manifesta
1716 1006 1776 1049 fit.

95 1075 258 1119 Eadem
291 1076 407 1119 enim
439 1076 554 1133 apud
585 1075 698 1120 Xen.
731 1075 939 1132 leguntur
969 1077 1065 1121 loco
1097 1078 1290 1121 laudato.

154 1200 490 1244 Damnationem
531 1201 748 1244 iudicibus
795 1201 1064 1257 ignominiae
1112 1217 1210 1245 esse
1257 1207 1298 1246 et
1348 1202 1541 1247 futuram
1586 1219 1696 1253 esse,
1741 1205 1777 1247 si

94 1292 178 1319 non
226 1276 363 1319 isdem
397 1276 553 1326 verbis,
603 1281 799 1320 attamen
847 1277 1048 1321 similiter
1088 1278 1204 1335 apud
1253 1282 1487 1336 utrumque
1520 1279 1776 1335 scriptorem

93 1351 361 1407 exprimitur.

93 1451 221 1507 Apol.
256 1451 367 1495 Xen.
403 1453 474 1495 26.
998 1453 1127 1510 Apol.
1161 1453 1272 1497 Plat.
1306 1454 1364 1497 38
1382 1453 1428 1497 C.

152 1529 198 1567 οὐ
249 1528 322 1580 γὰρ
371 1529 469 1579 ε’μοί,
510 1528 607 1567 ἀλλὰ
638 1534 719 1576 τοῖς
751 1546 868 1568 κατα-
1055 1531 1103 1570 οὐ
1151 1535 1299 1570 πολλοῦ
1342 1528 1371 1582 γ’
1408 1529 1522 1570 ἕνεκα
1554 1532 1714 1583 χρόνον,
1746 1528 1775 1571 ὦ

91 1610 231 1655 γνοῦσι
261 1611 375 1643 τοῦτο
407 1604 630 1655 αἰσχρόν
664 1603 778 1643 ἐστιν.
995 1605 1136 1656 ἄνδρες
1176 1610 1395 1657 Ἀθηναῖοι,
1437 1605 1597 1656 ὄνομα
1640 1606 1775 1655 ἕξετε

994 1681 1077 1719 καὶ
1109 1683 1285 1720 αἰτίαν
1317 1681 1395 1721 ὑπὸ
1422 1689 1499 1721 τῶν
1516 1682 1774 1733 βουλομένων

993 1758 1064 1807 τὴν
1096 1757 1213 1796 πόλιν
1245 1757 1455 1807 λοιδορεῖν,
1496 1756 1547 1804 ὡς
1579 1759 1773 1809 Σωκράτη

993 1834 1246 1883 ἀπεκτόνατε,
1278 1831 1406 1882 ἄνδρα
1440 1833 1569 1882 σοφόν
1600 1834 1774 1883 φήσουσι

991 1909 1064 1961 γὰρ
1097 1909 1146 1958 δή
1179 1923 1224 1958 με
1262 1907 1393 1957 σοφὸν
1424 1904 1542 1958 εἶναι,
1569 1908 1601 1946 εἰ
1627 1907 1693 1946 καὶ
1720 1908 1773 1958 μή

993 1985 1084 2033 εἰμι,
1129 1984 1169 2022 οἱ
1215 1984 1454 2034 βουλόμενοι
1501 1982 1596 2033 ὑμῖν
1645 1981 1773 2022 ὀνει-

994 2060 1176 2106 δίζειν.

148 2182 373 2225 Postremo
406 2182 448 2225 in
482 2186 665 2240 utraque
698 2182 916 2238 Apologia
948 2182 1107 2226 dilucet
1135 2181 1388 2239 superbiam
1416 2196 1442 2225 a
1471 2181 1650 2225 Socrate
1674 2185 1772 2237 post

90 2257 417 2301 damnationem
451 2273 538 2301 non
571 2273 669 2301 esse
701 2258 947 2302 remissam.

91 2357 219 2414 Apol.
253 2357 367 2401 Xen.
401 2357 471 2402 24.
997 2357 1126 2415 Apol.
1163 2358 1220 2400 38
1237 2356 1286 2400 Ε.

150 2433 234 2484 ἐμοὶ
253 2433 348 2472 δὲτί
371 2436 561 2485 προσήκει
594 2437 688 2476 νῦν
720 2439 868 2485 μεῖον
932 2454 933 2475 ;
1055 2434 1144 2473 οὔτε
1175 2436 1270 2474 νῦν
1303 2449 1386 2484 μοι
1420 2431 1710 2483 μεταμέλει.

92 2513 313 2560 φρονεῖν
359 2508 384 2561 ἢ
426 2509 519 2561 πρὶν
562 2515 869 2561 κατακριθῆναι,

91 2582 216 2634 μηδὲν
248 2583 482 2635 ἐλεγχθέντι,
522 2584 573 2632 ὡς
605 2586 803 2635 πεποίηκά
835 2601 868 2623 τι
932 2568 933 2626 i

92 2650 147 2698 ὧν
179 2658 406 2711 ἐγράψαντό
438 2675 502 2709 με;

91 2732 220 2789 Apol.
254 2732 368 2776 Xen.
402 2733 473 2777 26.

149 2807 226 2848 ἀλλ’
288 2809 382 2850 οὐδὲ
439 2809 573 2860 μέντοι
620 2809 676 2849 ὅτι
722 2809 868 2857 ἀδίκως

91 2883 355 2939 ἀποθνῄσκω,
415 2885 479 2923 διὰ
541 2891 656 2924 τοῦτο
719 2889 869 2935 μεῖον

92 2958 403 3010 φρονητέον.
