2019 3299
1046 192 1127 234 130

193 321 195 325 '
244 315 537 368 συγγέγονα
594 315 797 353 πώποτε
855 315 986 353 αὐτῶν
1045 315 1194 365 οὐδενί,
1239 312 1329 353 οὐδ’
1382 313 1431 353 ἂν
1479 313 1597 352 ἄλλον
1645 313 1799 363 ἕάσαιμι
1849 322 1926 354 τῶν

243 392 347 441 ἐμῶν
380 390 541 430 οὐδένα.

300 464 409 507 Item
441 464 576 507 94A:
610 466 734 520 τούτῳ
767 466 840 515 γάρ
872 479 951 502 που
983 463 1048 501 καὶ
1081 464 1322 516 συγγέγονας
1355 464 1420 502 καὶ
1452 464 1544 518 ὁρᾷς
1577 460 1661 503 οἷόσ
1693 464 1809 504 ἐστιν.

299 539 511 583 Maiorem
549 541 696 581 autem
732 536 818 580 vim
852 537 960 581 haec
997 536 1238 581 similitudo
1269 537 1462 583 habebit.
1497 537 1534 581 si
1563 537 1698 581 verba
1729 537 1929 594 proxima

238 620 352 658 recte
401 613 798 658 illustraverimus:
854 616 1033 665 Πότερον
1081 613 1137 665 δέ,
1183 610 1212 654 ὦ
1249 613 1403 665 ’Ἀνυτε,
1447 613 1614 666 ἠδίκηκέ
1659 614 1715 661 τίς
1762 627 1804 654 σε
1849 620 1927 653 τῶν

239 699 454 743 σοφιστῶν,
497 691 523 744 ἢ
574 694 611 731 τί
655 693 781 739 οὕτως
829 692 964 739 αὐτοῖς
1012 692 1179 743 χαλεπὸς
1225 688 1278 739 εἶ;
1322 690 1422 733 Non
1456 689 1608 746 negari
1640 694 1785 748 potest
1816 689 1926 733 satis

238 765 427 822 maligne
459 781 709 810 sermonem
743 765 811 808 hic
840 765 1004 809 haberi.
1025 765 1230 809 Socrates
1247 770 1394 821 rogat:
1432 764 1656 809 Iniuriane
1674 765 1860 810 affectus
1877 780 1925 808 es

239 858 265 886 a
296 842 520 899 sophistis,
554 842 714 898 Anyte,
754 846 794 884 et
827 841 935 885 haec
967 857 1103 885 causa
1136 845 1202 884 est
1233 841 1350 898 quod
1384 846 1473 885 tam
1508 841 1659 899 iniquo
1692 846 1734 885 et
1765 840 1926 885 infesto

238 917 387 962 animo
429 934 475 962 es
518 918 560 960 in
606 918 716 961 eos‘?
759 917 1041 974 Responsum
1084 917 1234 975 Anyti,
1273 917 1389 975 quod
1430 916 1469 960 ei
1510 917 1641 961 datur
1671 932 1698 962 a
1728 916 1925 967 Platone,

236 995 309 1053 qui
337 994 446 1038 haec
476 993 625 1044 libere,
658 998 706 1038 ut
738 998 804 1037 est
837 993 932 1038 eius
965 1009 1074 1043 mos,
1108 993 1370 1051 composuit,
1403 992 1547 1050 specie
1579 1008 1753 1037 omnem
1785 993 1926 1050 suspi-

234 1071 406 1115 cionem
450 1069 622 1114 auferre
662 1069 803 1120 debet,
834 1085 922 1113 non
966 1074 1115 1114 autem
1159 1070 1287 1113 nobis
1328 1085 1399 1113 res
1439 1070 1502 1114 ita
1543 1073 1590 1113 ut
1630 1073 1780 1126 gestae
1822 1073 1925 1113 sunt

233 1146 456 1204 patefacit.
489 1145 590 1189 Non
624 1161 862 1202 possumus
894 1161 980 1188 non
1009 1145 1227 1189 recordari
1247 1145 1625 1189 narratiunculam
1645 1160 1779 1202 quam
1796 1145 1924 1188 nobis

234 1222 486 1280 Xenophon
528 1208 580 1264 *in
627 1221 758 1278 Apol.
807 1221 998 1271 tradidit,
1049 1237 1188 1279 neque
1236 1221 1489 1265 dubitamus
1531 1220 1636 1279 quin
1679 1220 1743 1264 eis
1777 1221 1923 1265 verbis

236 1298 365 1342 modo
407 1314 430 1342 e
471 1296 661 1341 Menone
702 1297 897 1341 laudatis
939 1296 1206 1354 colloquium
1248 1297 1305 1350 (et
1346 1296 1586 1346 altercatio,
1619 1296 1810 1341 fortasse
1841 1296 1924 1341 iur-

231 1374 384 1431 gium),
426 1374 543 1433 quod
584 1374 790 1418 Socrates
821 1389 920 1418 cum
954 1373 1105 1431 Anyto
1138 1373 1306 1423 habuit,
1338 1372 1634 1430 significatur:
1668 1374 1834 1426 ἠδίκηκέ
1864 1377 1920 1424 τίς

233 1466 274 1492 σε
319 1459 395 1491 τῶν
445 1459 665 1502 σοφιστῶν;
714 1450 792 1494 Ille
838 1449 1040 1507 sophista
1086 1450 1291 1495 Socrates
1339 1454 1445 1499 erat,
1487 1449 1581 1507 ipse
1614 1449 1832 1494 Socrates.
1865 1450 1920 1494 Et

233 1526 393 1571 iniuria
439 1526 514 1570 illa
562 1526 696 1570 verba
742 1541 855 1583 quae
902 1526 1108 1583 leguntur
1159 1525 1202 1569 in
1245 1525 1373 1582 Apol.
1408 1525 1521 1569 Xen.
1555 1542 1615 1570 sc.
1648 1527 1737 1579 περὶ
1767 1529 1919 1580 βύρσας

232 1606 449 1644 παιδεύειν.
489 1603 645 1661 Neque
688 1608 834 1647 tamen
876 1603 1020 1647 solum
1064 1603 1118 1646 ob
1152 1618 1204 1646 ea
1236 1603 1383 1653 verba,
1416 1618 1529 1660 quae
1562 1602 1749 1647 convicii
1781 1603 1919 1647 instar

230 1684 367 1729 erant,
412 1679 583 1723 Socrati
625 1679 814 1723 infestus
847 1684 953 1723 erat.
987 1678 1124 1722 Filius
1155 1678 1250 1722 eius
1283 1678 1510 1722 Socratem
1543 1678 1810 1729 sectabatur,
1842 1683 1918 1722 aut

229 1755 387 1798 sectari
430 1755 605 1799 volebat
640 1782 690 1787 —-
728 1756 960 1799 vetabatur
1001 1755 1118 1799 enim
1160 1770 1186 1799 a
1216 1759 1340 1812 patre
1371 1754 1681 1812 philosophiae
1713 1759 1754 1800 et
1788 1754 1916 1798 bonis

228 1830 398 1874 artibus
446 1847 492 1874 se
539 1831 696 1875 dedere
732 1858 781 1864 —
816 1831 917 1883 (vid.
966 1831 1081 1875 Men.
1123 1832 1180 1875 92
1199 1831 1249 1875 B.
1283 1830 1371 1873 οὐδ’
1418 1831 1468 1871 ἂν
1501 1832 1620 1873 ἄλλον
1652 1831 1809 1883 ἕάσαιμι
1838 1840 1916 1872 τῶν

226 1907 332 1958 ἐμῶν
371 1906 550 1962 οὐδένα).
592 1907 679 1951 Sed
723 1908 854 1951 breve
885 1907 994 1950 illud
1026 1912 1213 1964 tempus,
1246 1922 1333 1965 quo
1370 1906 1564 1951 Socratis
1597 1906 1914 1951 consuetudine

225 1982 455 2027 fruebatur
500 1982 632 2038 (Xen.
680 1983 807 2040 Apol.
855 1984 912 2027 30
946 1984 1222 2036 συνεγενόμην
1258 1986 1331 2037 γάρ
1363 1999 1457 2046 ποτε
1488 1983 1636 2036 βραχέα
1667 1991 1718 2039 τῷ
1753 1986 1913 2024 Ἀνύτου

226 2061 329 2115 υἱῷ),
359 2058 564 2104 idoneum
599 2064 690 2103 erat
722 2074 808 2116 quo
836 2058 971 2116 Anyti
993 2057 1110 2102 filius
1129 2058 1262 2102 etiam
1281 2058 1422 2115 magis
1439 2074 1588 2102 amore
1608 2058 1912 2116 philosophiae

225 2134 541 2186 incenderetur,
572 2152 644 2180 ars
676 2141 822 2179 autem
858 2135 995 2192 patris
1025 2135 1062 2179 ei
1098 2136 1382 2179 vehementer
1413 2135 1514 2178 odio
1555 2151 1653 2179 esse
1690 2135 1911 2193 inciperet.

226 2210 294 2254 Ab
342 2226 393 2254 eo
441 2211 539 2255 inde
581 2216 776 2268 tempore
809 2211 975 2255 corium
1009 2211 1214 2267 subigere
1245 2210 1440 2254 omnium
1473 2210 1633 2254 artium
1667 2211 1912 2254 sordidissi-

223 2301 341 2330 mam
388 2287 572 2344 putavit.
622 2287 750 2331 Pater
787 2292 936 2331 autem
984 2287 1074 2330 filio
1118 2302 1283 2330 morem
1325 2302 1475 2343 gerere
1518 2287 1710 2331 nolebat.
1753 2286 1809 2331 Et
1848 2286 1911 2331 ita

223 2363 388 2406 factum
421 2368 486 2407 est
525 2367 570 2406 ut
602 2363 638 2406 is
675 2363 730 2406 ad
763 2362 1005 2420 nequitiam
1037 2362 1327 2406 abduceretur
1358 2367 1399 2406 et
1431 2362 1572 2419 magis
1604 2362 1833 2421 magisque
1865 2363 1907 2407 in

223 2438 348 2495 peius
380 2443 538 2482 rueret.
566 2438 709 2495 (Apol.
743 2437 858 2481 Xen.
890 2437 980 2492 30.)

280 2513 410 2557 Nunc
443 2518 580 2557 totam
616 2513 889 2570 tragoediam
923 2512 1169 2570 perspicere
1202 2528 1455 2570 possumus.

278 2590 452 2646 Anytus
495 2605 517 2632 e
562 2590 808 2647 propinquo
854 2589 1021 2632 viderat
1063 2589 1284 2646 quomodo
1326 2588 1513 2631 iuvenes
1546 2604 1572 2632 a
1603 2588 1784 2632 Socrate
1816 2604 1904 2632 cor-

218 2669 537 2721 rumperentur.
580 2664 726 2721 Ipsius
769 2664 885 2707 enim
927 2663 1066 2707 filium
1110 2664 1400 2720 depravatum
1435 2679 1531 2707 esse
1556 2678 1591 2707 a
1622 2663 1798 2707 sordido
1831 2663 1903 2706 illo

219 2739 482 2796 philosopho
518 2740 714 2796 putabat.
748 2739 886 2783 Filius
919 2739 975 2783 ab
1008 2755 1058 2782 eo
1079 2739 1309 2783 vetabatur
1341 2738 1466 2796 sequi
1492 2738 1615 2782 illum
1642 2739 1901 2796 sophistam.

217 2814 258 2857 Is
291 2819 437 2858 autem
472 2815 514 2857 in
548 2815 781 2872 colloquio,
816 2815 933 2872 quod
966 2815 1077 2858 forte
1110 2814 1347 2863 habebant,
1383 2815 1662 2858 mordacibus
1696 2820 1735 2858 et
1755 2814 1910 2858 contu:

220 2890 541 2933 meliosissimis
577 2891 721 2934 verbis
754 2891 807 2934 de
837 2890 931 2933 eius
964 2895 1055 2934 arte
1089 2890 1296 2947 loquitur.
1330 2890 1460 2934 Nunc
1494 2890 1692 2934 uoniam
1726 2888 1899 2933 retineri

217 2970 388 3022 poterat
420 2965 525 3023 quin
559 2981 658 3009 eum
692 2966 891 3023 perderet
923 2970 998 3009 aut
1031 2980 1083 3008 ex
1115 2965 1293 3009 civitate
1326 2965 1573 3022 expelleret.

2017 2930 2019 3023 l

2015 3058 2019 3102 ι
