2019 3299
909 197 968 225 XV

100 312 256 360 aetate,
290 322 429 364 neque
463 307 638 361 ingenio
672 322 810 363 neque
844 306 1040 350 doctrina
1068 311 1132 349 est
1161 307 1496 362 comparandus,
1515 320 1590 362 per
1606 305 1780 361 longam

98 382 561 430 saeculorum-seriem
593 397 639 425 se
672 387 974 425 exercuerunt.
994 382 1180 425 Veniam
1211 387 1252 425 et
1281 380 1633 424 benevolentiam
1661 385 1780 424 tuam

98 457 301 514 implorat
349 472 401 500 ne
448 457 649 500 fastidias
692 456 727 499 si
772 456 936 513 aliquid
982 472 1068 499 non
1108 456 1417 500 animadvertit
1459 455 1573 512 quod
1607 455 1692 498 iam
1727 455 1782 498 ab

100 532 199 576 aliis
225 533 349 576 docte
377 537 418 575 et
446 532 679 588 prudenter
711 531 981 588 disputatum
1016 532 1084 574 sit.
1116 531 1375 574 Incredibile
1409 531 1523 573 enim
1555 535 1621 573 est
1648 545 1782 587 quan-

99 612 192 651 tum
239 623 265 651 a
313 607 416 650 viris
467 607 605 650 doctis
656 607 706 649 de
756 607 936 650 Socrate
983 608 1123 664 deque
1172 606 1407 650 Socraticis
1454 606 1661 662 scriptum
1713 605 1782 648 sit.

99 682 182 725 Pro
238 697 319 725 sua
375 681 487 724 virili
538 697 717 737 operam
768 682 883 725 dedit
935 688 978 724 ut
1033 682 1219 725 aliorum
1271 681 1526 729 sententias,
1571 685 1781 737 quantum

98 757 188 800 fieri
236 757 389 814 potuit,
438 761 745 813 cognosceret3
793 757 1081 800 nihilominus
1123 757 1342 813 permulta
1384 773 1430 800 se
1478 756 1645 812 fugisse
1693 771 1782 812 per·

101 847 281 876 suasum
316 833 461 881 habet.

159 909 407 965 Antequam
451 914 596 952 autem
639 908 758 964 operi
802 924 847 951 se
881 908 1081 964 accingit,
1116 908 1261 951 brevis
1295 908 1499 950 allocutio
1533 908 1585 950 ad
1619 911 1783 963 specta-

100 990 213 1028 tores
248 999 332 1027 non
368 984 604 1027 dedecebit.

158 1135 204 1178 Si
233 1136 325 1191 ipse
351 1135 823 1184 Socrates,'auditores
854 1135 1175 1183 humanissimi,
1207 1135 1336 1178 hodie
1364 1135 1419 1178 ab
1449 1134 1598 1177 inferis
1622 1129 1784 1177 >existat

99 1210 328 1267 videatque
360 1226 492 1267 quam
526 1212 696 1260 acriter,
730 1226 862 1267 quam
896 1210 1168 1267 pugnaciter,
1202 1226 1334 1267 quam
1364 1210 1632 1253 tumultuose
1660 1210 1710 1252 de
1738 1225 1783 1252 se

101 1281 194 1341 ipso
237 1292 466 1342 pugnetur,
511 1284 746 1333 subrideat,
790 1286 958 1342 opinor,
998 1291 1052 1335 et,
1087 1285 1169 1328 nisi
1205 1301 1271 1328 me
1310 1286 1460 1328 omnia
1492 1285 1662 1333 fallunt,
1697 1300 1781 1327 non

101 1361 195 1404 sine
236 1360 364 1404 irrisu
408 1360 678 1405 audientium
725 1377 912 1417 magnus
956 1361 1026 1404 ille
1073 1364 1218 1413 Εἵρων,
1261 1366 1305 1403 ut
1347 1361 1523 1404 amabat
1557 1360 1782 1408 ludificari,

101 1451 234 1479 unum
279 1436 468 1493 aliquem
512 1453 563 1480 ex
605 1437 699 1486 bac,
735 1452 865 1493 quam
903 1437 1072 1484 videtis,
1108 1437 1248 1486 turba,
1282 1453 1410 1493 quem
1447 1436 1587 1479 videat
1620 1436 1784 1492 gravis-

100 1511 258 1555 simum
297 1512 575 1569 maximaque
607 1513 866 1556 auctoritate
900 1518 939 1555 et
972 1512 1258 1569 amplitudine
1284 1540 1332 1543 —
1358 1514 1542 1555 alterum
1578 1511 1784 1568 Gorgiam

102 1587 168 1630 vel
200 1587 483 1644 Protagoram
518 1593 622 1644 puta
660 1615 723 1638 —,
757 1589 988 1645 compellet
1022 1593 1075 1637 et,
1110 1588 1295 1644 cupidus
1328 1588 1502 1645 dialogi,
1536 1587 1577 1630 in
1605 1588 1783 1644 longum

99 1678 346 1706 sermonem
393 1679 491 1707 eum
528 1679 705 1713 vocans,
740 1664 882 1707 denuo
917 1664 1134 1721 inquirere
1168 1664 1347 1720 incipiat
1384 1667 1420 1704 τί
1449 1665 1526 1704 ἔστι
1558 1666 1784 1716 Σωκράτης.

99 1738 270 1782 Etenim
304 1739 396 1796 ipse
431 1739 557 1782 vivus
590 1755 800 1797 quaerere
834 1740 1078 1783 solebat-vo
1111 1742 1148 1780 τί
1178 1741 1266 1780 ἐστι,

163 1818 378 1868 Θαυμαστὴ
420 1816 469 1856 ἂν
511 1819 569 1868 εἴη
607 1816 630 1868 ἡ
664 1816 870 1869 ὃιατριβήῖ
907 1815 1068 1858 Videor
1101 1815 1207 1857 mihi
1242 1815 1326 1857 iam
1363 1815 1508 1857 videre
1542 1830 1639 1857 euni
1675 1814 1783 1857 viro-

97 1906 192 1934 rum
221 1891 445 1935 doctorum
476 1893 621 1939 verba,
656 1891 899 1934 sententias
934 1891 1198 1947 singulaque
1228 1895 1490 1946 argumenta
1511 1893 1786 1942 βασανίζοντα,

99 1971 140 2010 et
171 1968 408 2019 ἐξετάζοντα,
440 1967 508 2010 hic
542 1973 672 2024 atque
706 1967 794 2010 illic
828 1967 1016 2009 fortasse
1050 1966 1181 2009 etiam
1215 1967 1471 2019 ἐξελέγχοντα,

157 2042 307 2098 Igitur,
350 2048 395 2086 ut
438 2042 519 2099 ipsi
564 2042 734 2086 Socrati
772 2042 987 2085 rationem
1022 2042 1200 2084 reddere
1234 2041 1457 2097 possimus
1491 2057 1640 2084 eorum
1674 2056 1785 2098 quae

97 2131 200 2174 erga
240 2134 339 2161 eum
384 2123 425 2161 et
467 2119 560 2161 eius
604 2119 860 2161 memoriam
900 2133 1101 2173 agamus,
1135 2117 1368 2172 diligenter
1400 2122 1439 2159 et
1474 2117 1785 2173 circumspecte

96 2193 312 2249 agendum
362 2198 427 2236 est
475 2199 515 2236 et
560 2209 687 2236 omne
731 2209 871 2249 genus
914 2193 1131 2235 cautionis
1175 2192 1488 2235 adhibendum.
1524 2191 1660 2242 Quasi
1694 2191 1785 2248 ipse

97 2267 300 2312 Socrates
328 2269 370 2311 in
399 2269 649 2325 quaerendo
679 2284 825 2312 comes
850 2274 885 2311 et
918 2269 1093 2311 criticus
1113 2273 1244 2317 esset,
1275 2268 1499 2320 διαβλέπων
1522 2264 1562 2310 εἰ
1585 2268 1786 2319 ταυρηδὸν

96 2345 264 2397 βλέπων,
294 2350 497 2387 accurate
531 2344 795 2400 perlegenda
827 2349 928 2387 sunt
957 2344 1121 2400 scripta
1148 2359 1259 2401 quae
1283 2343 1334 2386 de
1353 2343 1616 2400 philosopho
1636 2348 1784 2386 nostro

97 2424 248 2474 agunt.
299 2417 613 2476 Unusquisque
661 2419 734 2476 qui
784 2419 1019 2475 imaginem
1079 2419 1314 2474 depingere
1362 2418 1479 2475 cupit
1529 2419 1615 2461 veri
1672 2418 1785 2461 illius

100 2493 294 2537 Socratis
332 2522 379 2525 —
413 2495 584 2537 veritati
618 2494 932 2537 convenienter
969 2522 1016 2525 —
1049 2494 1355 2550 indagatorum
1386 2494 1426 2536 in
1457 2494 1648 2542 modum,
1677 2494 1786 2537 alter

98 2571 345 2614 literarum
379 2570 611 2613 SHERLOCK
646 2570 826 2613 HoLMes
872 2570 937 2612 vel
971 2570 1093 2613 canis
1129 2570 1357 2613 venaticus
1391 2570 1539 2613 omnia
1572 2570 1786 2626 sagaciter

98 2650 138 2687 et
170 2644 325 2688 festive
359 2646 561 2692 odorans,
591 2646 903 2702 circumspecte
932 2646 1171 2701 procedens
1197 2650 1236 2687 et
1263 2645 1418 2688 acriter
1445 2645 1620 2688 intuens
1648 2650 1784 2688 totum

56 2773 59 2777 ²
99 2719 221 2763 illum
263 2720 486 2764 literarum
529 2737 731 2776 campum
778 2721 986 2777 indagare
1030 2721 1169 2769 debet,
1213 2721 1292 2763 hoc
1336 2737 1484 2769 unum,
1525 2722 1672 2778 utique
1706 2721 1785 2764 hoc

98 2794 326 2851 imprimis,
374 2796 591 2851 rogitans:
637 2797 854 2845 Socrates,
905 2797 975 2839 ubi
1026 2812 1086 2845 es,
1133 2796 1203 2839 ubi
1252 2812 1311 2844 es,
1358 2812 1456 2838 vere
1500 2801 1540 2839 et
1583 2796 1785 2839 historice

95 2869 332 2913 Socrates?
366 2870 417 2913 Et
453 2887 503 2913 ex
538 2872 600 2914 eis
636 2872 830 2927 vestigiis
864 2876 905 2914 et
939 2872 1108 2914 indiciis
1142 2877 1181 2914 et
1212 2872 1487 2932 testimoniis,
1514 2887 1626 2928 (piae
1656 2872 1781 2914 unde-

94 2960 278 3002 cumque
312 2951 414 2989 sunt
446 2947 737 3002 congerenda,
774 2947 901 2990 nobis
931 2947 1075 3003 imago
1110 2952 1173 2989 est
1209 2946 1483 2989 delineanda.
