2019 3299
925 205 1002 248 107

120 342 166 370 se
184 326 383 370 funditus
403 326 559 370 mutari
585 327 833 370 sentiebant
859 328 901 381 ¹).
924 328 1154 377 Euristica,
1175 345 1307 386 quam
1328 334 1497 378 vocant,
1517 334 1553 372 et
1574 329 1800 372 dialectica

120 402 322 445 methodo
369 402 422 445 ad
470 401 739 459 propositum
788 403 1015 459 pervenire
1053 404 1236 454 solebat,
1286 420 1373 461 qua
1419 405 1492 462 qui
1540 404 1675 447 utitur
1713 419 1796 446 non

117 476 269 520 docere
317 476 429 520 falso
475 476 670 534 perhibet
717 477 923 521 Socrates
966 478 1218 522 Platonicus
1263 479 1421 522 Menon
1461 480 1514 523 81
1535 479 1584 529 Ε,
1617 479 1798 522 82AB.

117 551 293 595 84DE.
335 553 556 602 ἐρωτῶντος
596 554 692 604 ἐμοῦ
725 554 790 592 καὶ
822 555 869 593 οὐ
903 555 1171 602 διδάσκοντος·
1209 558 1379 604 φύλαττε
1416 554 1457 594 δὲ
1489 556 1538 594 ἅν
1571 571 1648 595 που
1681 557 1799 610 εὕρῃς

117 643 163 678 με
204 629 452 668 διδάσκοντα.
500 627 681 670 Theaet.
733 630 815 671 150
834 627 880 671 C.
901 628 949 671 D.
993 629 1137 681 ἄγονός
1186 631 1263 680 εἰμι
1300 629 1652 681 σοφίας....παρ’
1702 630 1799 681 ἐμοῦ

116 702 235 743 οὐδὲν
266 704 422 743 πώηοτε
447 705 658 754 μαθόντες,
682 702 761 743 ἀλλ’
791 704 902 744 αὐτοὶ
921 703 1010 755 παρ’
1032 707 1163 743 αὑτῶν
1181 705 1304 744 πολλὰ
1322 706 1387 744 καὶ
1414 707 1514 745 καλὰ
1541 707 1798 756 εὑρόντες.

117 779 205 821 Aut
250 793 325 834 per
370 777 555 822 ironiam
603 779 727 822 haec‘
757 778 872 822 dicta
919 783 1034 829 sunt,
1085 784 1161 822 aut
1199 779 1311 822 falso
1345 784 1387 823 et
1419 780 1591 823 iniuria.
1626 779 1797 822 Etenim

114 853 248 896 risum
297 857 442 896 movet
489 853 604 909 apud
651 853 888 897 hodiernos
936 855 972 897 is
1031 854 1104 911 qui
1153 854 1374 908 contendit
1424 855 1652 898 scientiam
1702 870 1798 897 esse

115 928 385 978 memoriam,
420 929 500 971 hoc
534 944 620 971 uno
653 928 816 972 scilicet
848 934 1107 986 argumento
1138 929 1290 979 fretus,
1324 930 1439 987 quod
1477 930 1727 987 quaerendo
1759 936 1800 973 et

113 1004 415 1060 respondendo
446 1004 650 1047 iuvenem
678 1003 840 1061 aliquid
875 1005 1011 1051 docet,
1058 1005 1188 1062 Apud
1220 1005 1426 1063 antiquos
1459 1006 1599 1063 quinti
1633 1006 1798 1049 saeculi

113 1079 149 1122 is
189 1079 324 1134 solus,
359 1084 403 1122 ut
444 1079 610 1136 opinor,
645 1080 796 1122 docere
833 1080 1076 1130 videbatur,
1106 1080 1181 1138 qui
1214 1084 1427 1125 oratione
1459 1087 1595 1125 artem
1629 1081 1798 1125 dicendi

115 1155 180 1198 vel
215 1155 416 1198 virtutem
451 1158 665 1199 traderet.
699 1155 800 1198 Non
829 1160 977 1199 autem
1005 1155 1202 1200 Socratis
1231 1161 1324 1199 erat
1351 1157 1530 1213 longam
1555 1157 1797 1200 orationem

112 1230 287 1280 habere,
335 1230 388 1273 cf.
437 1231 577 1274 Alcib.
618 1231 697 1275 106
716 1231 764 1274 Β.
807 1234 927 1285 λόγον
962 1234 1115 1284 μακρόν

111 1307 151 1346 τὸ
194 1307 299 1357 ἐμόν·
341 1306 526 1350 phaedr.
559 1307 646 1350 238
663 1306 709 1350 C.
753 1309 860 1358 παρὰ
892 1309 932 1348 τὸ
964 1310 1109 1356 εἰωθὸς
1143 1309 1280 1360 εὔροιά
1311 1311 1367 1357 τίς
1400 1322 1440 1348 σε
1473 1311 1647 1360 εἴληφεν.
1682 1308 1799 1351 Ridi-

111 1381 255 1424 culum
287 1397 460 1439 quoque
492 1387 558 1425 est
588 1383 816 1438 perhibere
849 1398 949 1426 eum
978 1398 1064 1426 non
1087 1383 1253 1432 docere,
1274 1383 1574 1440 quieuristica
1593 1384 1797 1427 methodo

111 1456 154 1499 in
185 1456 411 1500 educando
443 1462 482 1500 et
515 1456 783 1501 instituendo
815 1462 978 1504 utatur,
1013 1473 1063 1501 eo
1098 1458 1252 1514 magis,
1286 1459 1399 1516 quod
1434 1458 1484 1507 is,
1518 1458 1592 1515 qui
1626 1474 1799 1515 semper

110 1532 262 1576 eadem
305 1531 377 1575 via
418 1537 458 1575 et
490 1532 660 1576 ratione
693 1533 912 1589 procedat,
946 1533 1099 1577 eadem
1136 1534 1363 1581 vocabula.
1398 1534 1549 1589 eadem
1584 1534 1797 1590 exempla,

108 1607 283 1651 easdem
340 1607 692 1664 comparationes
749 1608 935 1651 studiosi
989 1609 1216 1652 erudiendi
1269 1609 1411 1665 gratia
1470 1609 1677 1653 adhibeat
1727 1609 1797 1661 (cf.

111 1682 240 1725 Mem.
284 1682 359 1725 IV.
401 1682 441 1725 4.
486 1683 534 1730 6;
585 1682 616 1725 Ι.
660 1683 699 1726 2.
735 1684 933 1732 36-37;
974 1683 1160 1740 Gorgias
1192 1684 1280 1728 490
1298 1684 1348 1734 E,
1381 1684 1465 1728 491
1500 1684 1610 1728 Plat.
1645 1684 1797 1741 Symp.

109 1758 191 1800 221
212 1757 278 1811 Ε),
308 1772 403 1802 non
435 1760 581 1812 potest
612 1773 709 1803 non
740 1762 912 1814 optime
943 1763 1065 1804 Scire
1093 1774 1322 1816 quorsum
1351 1763 1512 1804 tendat
1534 1764 1574 1804 et
1592 1775 1798 1804 evasura

107 1835 170 1876 Sit
201 1835 485 1888 disputaliffl
521 1836 614 1887 σύγε
645 1836 792 1882 εἴωθας
826 1836 977 1882 εἰδὼς
1010 1843 1111 1883 πῶς
1144 1836 1251 1887 ἔχει
1286 1836 1330 1875 τὰ
1365 1841 1523 1875 πλεῖστα
1557 1837 1704 1888 ἐρωτᾶν
1726 1836 1766 1889 ²).

1319 1234 1366 1273 οὐ
1398 1235 1471 1285 γάρ
1505 1234 1581 1273 ἐστι
1616 1241 1798 1273 τοιοῦτον

153 2005 177 2048 ¹)
202 2004 361 2039 Silentio
382 2005 586 2049 praeterire
611 2018 814 2049 possumus
839 2007 953 2040 verba
979 2006 1117 2050 quibus
1142 2006 1317 2041 Socrates
1346 2006 1564 2041 Platonicus
1596 2006 1640 2041 de
1667 2006 1735 2041 hac
1759 2019 1797 2041 re

109 2077 179 2100 nos
213 2066 389 2100 certiores
426 2066 527 2110 facit,
559 2067 669 2111 Apol.
704 2067 748 2101 33
763 2068 819 2102 C.:
854 2072 930 2100 ἀλλὰ
955 2072 1005 2100 διὰ
1030 2074 1057 2100 τί
1078 2072 1114 2106 δή
1139 2080 1213 2100 ποτε
1238 2071 1301 2107 μετ’
1332 2074 1405 2107 ἐμοῦ
1429 2074 1577 2112 χαίρουσί
1602 2081 1679 2105 τινες
1702 2074 1797 2101 πολύν

106 2132 223 2169 χρόνον
258 2130 481 2170 διατρίβοντες;
517 2131 563 2160 ὅτι
597 2132 761 2165 ἀκούοντες
792 2134 959 2171 χαίρουσιν
992 2130 1214 2166 ἐξεταζομέιόις
1244 2138 1305 2166 τοῖς
1332 2132 1481 2167 οἰομένοις
1502 2133 1557 2168 μὲν
1582 2128 1655 2161 εἶναι
1681 2138 1797 2171 σοφοῖς,

108 2188 175 2220 οὖσι
199 2190 231 2219 δ’
262 2190 305 2220 01'1'¹
329 2192 391 2220 ἐστι
417 2192 474 2228 γὰρ
499 2193 555 2220 οὐκ
578 2191 675 2229 ἀηδὲς.
700 2187 767 2222 Illa
792 2188 918 2222 omnia
943 2189 1024 2223 eius
1049 2191 1151 2228 sunt,
1175 2188 1239 2232 qui
1265 2201 1339 2223 non
1372 2189 1468 2223 serio
1495 2201 1570 2223 rem
1599 2189 1795 2229 tractat‚in

107 2247 275 2282 oratione
293 2247 378 2282 ficta
396 2248 512 2283 nimio
526 2248 653 2283 studio
666 2248 860 2292 abripitur,
875 2251 914 2283 ut
928 2249 1173 2288 demonstret,
1189 2252 1373 2293 quantum
1388 2249 1561 2284 Socrates
1575 2262 1595 2284 a
1609 2250 1797 2294 sophistis

106 2309 314 2345 abhorreat.
339 2309 590 2344 Ministerium
623 2322 773 2354 quoque
805 2310 898 2345 illud
928 2310 1081 2344 deorum
1106 2323 1187 2345 cum
1214 2311 1402 2345 Schanzio
1431 2311 1452 2345 l.
1482 2312 1503 2346 l.
1533 2323 1617 2358 pag.
1643 2310 1686 2344 73
1709 2310 1796 2345 hinc

107 2370 272 2405 alienum
310 2370 481 2405 ducimus
519 2372 556 2404 et
592 2370 748 2405 missum
786 2371 943 2405 facimus
976 2371 1101 2415 (Apol.
1122 2371 1218 2405 Plat.
1240 2371 1283 2405 30
1297 2372 1342 2415 A,
1365 2371 1409 2406 33
1425 2372 1462 2412 C,
1489 2373 1531 2406 ct.
1556 2371 1641 2405 37ss
1666 2380 1706 2413 τῷ
1731 2378 1796 2413 θεῷ

106 2435 249 2463 ἀπειθεῖν
280 2434 359 2463 τοῦτ’
398 2432 506 2474 ἐστίν).
542 2430 650 2464 Plato
688 2430 758 2465 hoc
793 2430 838 2465 de
872 2443 941 2465 suo
978 2431 1205 2474 excogitavit
1241 2432 1452 2475 Apologiae
1488 2444 1579 2466 suae
1605 2431 1796 2466 ornandae

107 2503 221 2525 causa
246 2493 281 2525 et
308 2494 347 2526 ut
373 2492 554 2536 magister
577 2492 687 2526 homo
713 2492 865 2527 divinus
887 2492 1001 2533 fieret,
1025 2506 1144 2536 neque
1169 2494 1253 2528 alio
1277 2496 1323 2528 in
1348 2495 1512 2538 dialogo
1539 2494 1651 2529 h'uius
1674 2493 1795 2528 divini

109 2550 276 2586 muneris
302 2552 443 2586 mentio
467 2552 519 2586 fit.
540 2560 542 2562 ’

146 2613 171 2654 ²)
198 2611 314 2647 Recte
352 2625 440 2656 ergo
476 2612 568 2647 Xen.
609 2613 694 2648 Qec.
734 2614 922 2655 1915.ιῇ
959 2620 1104 2657 ἐρώτησις
1130 2618 1318 2647 διδασκαλία
1338 2621 1430 2647 ἐστίν.
1464 2615 1555 2650 stem
1584 2615 1795 2650 AGSChineS

104 2671 278 2715 (Aristid.
309 2672 370 2708 Or·
400 2672 511 2713 XLV,
538 2674 592 2707 34.
628 2679 686 2706 Καὶ
713 2677 750 2714 δὴ
774 2679 823 2707 καὶ
849 2680 905 2714 ἐγὼ
931 2678 1018 2707 οὐδὲν
1042 2680 1179 2715 μάθημα
1204 2680 1417 2715 ἐπιστάμενος,
1442 2678 1457 2708 ὃ
1477 2679 1602 2713 διδάξας
1625 2679 1794 2718 ἄνθρωπον

102 2737 287 2773 &spatiumst
313 2735 349 2765 ἂν
373 2737 453 2772 ὅμως
474 2735 557 2776 ᾤμην
582 2737 676 2770 ξυνὼν
701 2737 737 2767 ἂν
762 2741 862 2778 ἐκείνῳ
889 2739 939 2767 διὰ
964 2738 997 2767 τι)
1023 2741 1094 2779 ἐρᾶν
1118 2742 1227 2777 βελτίω
1251 2745 1386 2777 ποιῆσαι
1414 2736 1555 2771 Fictam
1582 2737 1663 2771 elus
1688 2738 1794 2780 igno·

104 2793 265 2828 rentiam
291 2807 374 2829 esse
398 2794 536 2830 dilucet
561 2795 672 2830 etiam
698 2796 736 2831 in
763 2796 858 2831 Plat.
879 2797 1006 2842 Symp.
1032 2797 1098 2831 ⁶216
1114 2796 1158 2831 D:

138 2858 251 2893 Ιἀγνοεῖ
271 2860 372 2887 πάντα
395 2860 445 2888 καὶ
471 2860 559 2889 οὐδὲν
583 2856 674 2894 οἶδεν,
700 2862 737 2893 ὡς
763 2860 796 2889 τὸ
823 2865 960 2898 σχῆμα
986 2862 1091 2890 αὑτοῦ.

149 2913 237 2948 Eam
266 2918 391 2950 autem
423 2916 674 2959 ignorantiam
713 2917 858 2952 intimis
892 2917 1021 2952 amicis
1060 2930 1210 2961 quoque
1246 2931 1392 2962 semper
1419 2920 1679 2963 praetendisse
1704 2932 1785 2955 eum

105 2986 181 3008 non
210 2975 331 3010 credo.
