2019 3299
1010 180 1097 222 1602

173 324 175 328 ·
212 323 296 350 non
332 307 546 350 urbanum
582 305 686 348 illud
719 303 1002 359 ,,ττρόσωπων”,
1035 320 1118 347 non
1148 304 1372 347 Socratem
1401 303 1692 353 Platonicum,
1712 303 1784 361 qui
1803 308 1892 347 tan-

211 388 301 426 tum
336 398 420 425 non
454 397 626 438 semper
652 396 820 424 comem
854 384 984 437 atque
1017 379 1239 423 affabilem
1270 395 1317 422 se
1351 379 1601 436 praebebat,
1635 380 1709 429 sed
1743 379 1894 423 Socra-

210 463 294 501 tem
331 473 492 507 verum,
528 457 758 512 integrum,
788 455 1022 505 sincerum,
1053 455 1323 504 historicum,
1360 460 1403 498 ut
1430 456 1490 498 ita
1516 455 1672 504 dicam,
1700 454 1843 512 qualis
1869 469 1896 498 a

209 533 335 577 nobis
354 533 395 576 in
415 532 555 589 capite
583 532 723 589 primo
751 531 948 588 depictus
979 537 1056 574 est.
1086 531 1127 573 ls
1156 530 1350 574 affabilis
1378 535 1417 573 et
1442 531 1651 577 urbanus.
1680 529 1895 587 imprimis

209 625 311 665 erga
337 608 515 658 amicos,
546 623 642 651 esse
672 607 826 664 potuit,
862 622 993 663 saepe
1027 611 1174 649 autem
1211 606 1436 649 iracundia
1462 606 1651 663 quadam
1671 611 1896 663 correptus

208 686 344 728 durus
392 689 430 727 et
474 684 659 728 acerbus
702 699 727 726 a
768 682 981 726 conviciis
1026 698 1112 724 non
1146 681 1429 731 abhorrebat,
1465 682 1518 724 cf.
1552 682 1696 725 290A
1731 679 1760 722 ὦ
1793 698 1896 722 τετυ-

207 762 365 812 φωμένε
397 763 466 807 σύ;
499 760 584 803 292
609 759 644 801 D
677 763 791 807 λίθος
823 759 887 798 καὶ
923 761 1064 809 μυλίας
1097 760 1190 809 μήτε
1225 755 1301 798 ὦτα
1329 757 1410 808 μήτ’
1447 759 1666 810 ἐγκέφαλον
1698 759 1808 810 ἔχων.

266 835 395 879 Nunc
443 835 598 878 melius
646 833 941 890 intellegimus
988 833 1090 890 quid
1139 833 1313 889 ignotus
1360 832 1433 876 ille
1474 833 1604 875 bomo
1648 831 1730 876 sibi
1765 832 1890 882 velit;

204 911 313 955 alter
344 911 414 955 ille
433 911 636 955 Socrates
659 915 723 953 est
747 909 861 952 filius
889 908 1189 966 Soplironisci,
1219 908 1362 966 qualis
1392 908 1433 951 in
1471 908 1563 951 vita
1595 913 1686 952 erat
1719 907 1893 958 (Ἐξονο-

206 990 412 1039 μακλήδην
444 987 584 1030 298ss
613 986 904 1036 nominaturl)
936 985 1059 1028 Alter
1091 989 1234 1028 autem
1268 984 1473 1028 Socrates
1506 984 1776 1028 Platonicus.

266 1062 436 1106 Duritia
471 1067 511 1105 et
543 1061 760 1105 acerbitas
796 1061 885 1104 veri
919 1060 1114 1104 Socratis
1148 1060 1463 1117 impedimento
1496 1064 1619 1104 erant
1657 1060 1893 1117 quominus

207 1138 247 1181 in
291 1153 468 1181 scenam
518 1137 830 1194 produceretur
877 1152 903 1180 a
949 1136 1132 1180 Platone
1174 1137 1274 1190 (292
1294 1136 1354 1189 C).
1400 1135 1513 1179 Hinc
1546 1135 1639 1179 eius
1675 1136 1807 1180 verba
1837 1136 1892 1180 ab

205 1214 341 1258 altero
389 1214 461 1257 illo
510 1214 689 1257 Socrate
737 1213 979 1263 Platonico,
1028 1213 1204 1256 bomine
1253 1212 1467 1269 perpolito
1506 1217 1547 1255 et
1589 1212 1771 1263 urbano,
1801 1211 1891 1255 lau-

205 1291 363 1335 dantur
395 1295 579 1334 tantum.
616 1290 829 1333 Videmus
871 1290 1092 1346 quomodo
1131 1288 1167 1332 is
1208 1288 1482 1332 ferocissime
1516 1287 1740 1344 Hippiam,
1773 1303 1892 1331 occa·

205 1366 327 1410 sione
360 1366 522 1413 oblata,
557 1365 850 1409 insultaturus
888 1369 928 1408 et
961 1365 1252 1420 increpiturus
1285 1363 1354 1407 sit.

260 1441 437 1485 Similes
479 1446 626 1484 autem
671 1446 819 1498 partes
863 1456 993 1496 agere
1036 1440 1077 1483 in
1123 1440 1399 1496 paragrapho
1442 1438 1570 1482 Mem.
1614 1437 1889 1496 Aristippum

203 1523 333 1576 atque
382 1518 580 1574 ignotum
629 1518 853 1560 hominem
903 1517 943 1560 in
994 1516 1160 1573 Hippia
1207 1516 1394 1572 dialogo,
1443 1515 1536 1558 iure
1584 1531 1680 1558 meo
1723 1515 1890 1559 efficere

204 1594 309 1637 mihi
353 1593 501 1637 videor
544 1593 731 1650 primum
767 1609 817 1636 ex
860 1609 910 1636 eo
956 1592 1069 1650 quod
1106 1592 1212 1635 baec
1242 1592 1327 1634 duo
1361 1591 1523 1647 scripta
1555 1590 1770 1648 permulta
1803 1589 1893 1634 alia

202 1671 365 1715 babent
391 1671 643 1714 communia
679 1675 719 1713 et
752 1670 910 1719 simila,
946 1670 1101 1713 deinde
1133 1669 1248 1726 quod
1282 1673 1322 1712 et
1355 1667 1607 1724 Aristippus
1641 1672 1682 1711 et
1716 1667 1889 1724 ignotus

199 1748 269 1790 ille
294 1747 345 1790 de
365 1747 545 1803 pulchro
579 1746 807 1790 Socratem
841 1747 1128 1801 interrogant.
1164 1743 1404 1799 disputatio
1437 1748 1583 1787 autem
1615 1748 1681 1786 est
1713 1743 1885 1789 similis.

199 1828 418 1880 postremo
436 1823 550 1879 quod
580 1827 620 1865 et
648 1822 902 1879 Aristippus
935 1822 1050 1878 apud
1085 1821 1197 1864 Xen.
1233 1826 1273 1864 et
1305 1820 1482 1876 ignotus
1514 1819 1631 1876 apud
1659 1819 1887 1863 Platonem

197 1900 422 1943 Socratem
461 1899 654 1942 deridere
688 1898 867 1955 cupiunt
901 1903 941 1941 et
977 1902 1121 1954 partes
1155 1901 1291 1953 agunt
1319 1905 1387 1936 τοῦ
1423 1897 1695 1949 ἐξελέγχοιτως.

200 1992 327 2035 Mem.
361 1991 436 2034 ῙῘῙ.
469 1991 510 2034 8.
550 1992 585 2034 1.
1109 1989 1240 2046 Hipp.
1275 2004 1332 2031 m.
1366 1989 1451 2032 286
1473 1988 1520 2031 E.

259 2070 509 2119 Ἀριστίππου
583 2066 625 2106 δὲ
688 2067 979 2119 ἐπιχειροῦντος
1042 2096 1044 2123 2
1166 2067 1218 2116 μὴ
1252 2064 1584 2117 ἐξελεγχθεὶς
1616 2065 1657 2104 τὸ
1699 2065 1886 2115 δεύτερον

197 2144 426 2196 ἐλέγχειν
468 2143 536 2182 τὸν
578 2143 813 2195 Σωκράτην,
850 2143 979 2194 ὥσπερ
1106 2136 1228 2187 αὖθις
1265 2140 1412 2193 γέλωτα
1445 2140 1566 2191 ὄφλω.

195 2220 313 2266 αὐτὸς
369 2216 430 2258 ὑπ’
493 2218 647 2258 ἐκείνου
700 2219 740 2258 τὸ
787 2219 978 2269 πρότερον
1108 2215 1237 2272 Hipp.
1271 2231 1327 2258 m.
1361 2216 1445 2258 287
1466 2215 1514 2258 B.

197 2294 431 2347 ἠλέγχετο
464 2310 499 2333 κ.
517 2311 547 2332 t.
566 2298 597 2333 λ.
1162 2294 1235 2345 ἐγώ
1283 2306 1323 2332 σε
1371 2294 1573 2343 διδάξαιμι
1615 2293 1710 2332 ὥστε
1745 2290 1880 2343 μηδέν’

1100 2368 1331 2418 ἀνθρώπων
1384 2368 1593 2407 δύνασθαί
1637 2380 1678 2407 σε
1724 2366 1882 2415 ἐξελέ-

1098 2459 1252 2496 γχειν.

252 2536 378 2579 Aliae
411 2540 557 2579 autem
591 2535 904 2579 similitudines
937 2535 1020 2578 bae
1055 2539 1157 2578 sunt
1178 2535 1229 2587 ¹):

193 2619 321 2663 Mem.
358 2620 432 2662 ΙΙΙ.
466 2621 507 2664 8.
541 2621 580 2663 6.
1038 2655 1039 2671 ἢ
1108 2617 1236 2675 Hipp.
1273 2633 1327 2660 rn.
1362 2618 1448 2661 288
1466 2617 1512 2661 C.

239 2691 317 2748 Ἆρ’
352 2692 439 2746 οὖν,
456 2696 628 2747 {imbuat
645 2697 812 2746 κόφινος
829 2710 972 2746 κοπρο-
1038 2672 1039 2683 l
1165 2691 1194 2734 ὦ
1219 2695 1389 2746 βέλτιστε
1417 2697 1480 2745 σύ,
1505 2696 1539 2733 τί
1556 2693 1598 2733 δὲ
1615 2695 1736 2746 χύτρα
1756 2695 1874 2744 καλῆς

189 2773 313 2820 φόρος
345 2772 468 2811 καλόν
501 2771 626 2817 ἕστινς
1105 2770 1152 2809 οὐ
1184 2770 1305 2808 καλὸν
1337 2769 1435 2820 &Qum

235 2879 257 2920 ¹)
288 2877 372 2912 Vidi
390 2877 471 2911 Joel
492 2878 514 2911 l.
532 2877 551 2910 l.
576 2877 587 2910 l
613 2876 689 2916 426,
714 2876 791 2915 434,
816 2876 883 2910 435
909 2874 1092 2909 nonnulla
1118 2874 1256 2909 similia
1281 2874 1521 2909 indicavisse.
1546 2874 1637 2909 Eius
1659 2873 1877 2917 interpreta-

187 2939 324 2972 tionem
357 2937 423 2972 446
447 2958 489 2961 —
514 2937 782 2971 Antisthenem
815 2937 1015 2980 utriusque
1048 2936 1190 2969 fontem
1217 2935 1334 2970 tuisse
1360 2956 1401 2959 —
1427 2935 1586 2979 probare
1612 2946 1686 2968 non
1712 2945 1866 2981 possum
