2019 3299
1005 169 1084 212 104

166 310 267 337 <res
308 310 355 337 se
396 295 589 343 haberet,
635 309 792 337 nomen
836 294 1016 337 reticere
1060 308 1145 336 non
1195 307 1375 336 necesse
1412 296 1503 335 erat
1537 291 1722 334 Platoni.
1755 291 1882 347 Apud

200 375 448 427 utrumque,
482 370 543 413 sic
575 375 620 413 ut
654 385 812 413 nomen
844 369 1095 413 Palamedis
1128 368 1327 416 occurrit,
1362 367 1521 410 Lichas
1553 365 1883 410 commemorari

199 445 426 502 potuisset,
461 445 497 488 si
530 450 632 488 ante
665 445 832 488 iudices
865 444 1071 487 Socrates
1105 443 1212 487 haec
1244 443 1424 486 dixisset
1447 441 1486 493 ¹).

261 596 469 653 Sequitur
501 595 657 638 deinde
689 595 829 639 altera
865 594 1117 651 disputatio.
1160 593 1209 636 In
1242 608 1294 636 ea
1324 593 1457 636 aliam
1490 592 1609 636 litem
1643 593 1726 636 sibi
1758 593 1884 637 aesti-

199 677 304 725 mat,
349 687 462 728 quae
511 671 639 714 nobis
686 671 829 714 denuo
875 669 1174 726 comparanda
1216 673 1282 712 est
1320 683 1417 711 cum
1452 668 1505 712 iis
1537 684 1649 725 quae
1681 684 1708 712 a
1740 668 1884 713 Xeno-

199 747 360 803 phonte
393 747 637 790 traduntur.

257 822 307 865 In
350 822 478 879 Apol.
521 821 635 865 Xen.
673 822 728 866 23
771 822 906 865 durus
949 825 989 864 et
1031 820 1248 876 superbus
1291 820 1510 870 Socrates,
1549 835 1601 863 ex
1634 819 1886 864 innocentia

196 898 327 942 talem
375 897 573 941 animum
621 913 814 946 sumens,
862 899 1117 948 κελευόμενος
1160 897 1435 948 ὑποτιμᾶσθαι
1477 896 1566 936 οὔτε
1604 898 1721 944 αὐτὸς
1753 897 1885 937 ὑπετι-

197 976 348 1025 μήσατο
396 974 485 1014 οὔτε
531 976 622 1022 τοὺς
665 976 807 1024 φίλους
849 975 996 1024 εὶασεν,
1037 973 1133 1013 ἀλλὰ
1175 972 1241 1012 καὶ
1272 974 1414 1025 ἔλεγεν,
1446 972 1503 1011 ὅτι
1535 973 1576 1012 τὸ
1614 973 1884 1023 ὖμοτιμᾶσθαι

197 1043 488 1103 ὁμολογοῦντος
535 1051 594 1101 εἴη
640 1050 805 1090 ἀδικεῖν.
852 1048 976 1099 Quae
1018 1048 1153 1092 verba
1199 1052 1394 1091 nostrum
1439 1046 1680 1097 Socratem,
1712 1047 1883 1091 leonem

198 1124 490 1181 indignatum,
524 1125 691 1168 decent.

255 1200 381 1244 Plato
429 1200 590 1244 similia
637 1200 811 1243 exhibet
858 1200 913 1243 37
936 1199 1006 1243 B.:
1055 1200 1315 1250 πεπεισμένος
1359 1200 1407 1251 δὴ
1441 1199 1514 1252 ἐγὼ
1547 1199 1700 1251 μηδένα
1733 1199 1884 1239 ἀδικεῖν

195 1282 345 1317 πολλοῦ
378 1278 453 1317 δέω
486 1277 656 1328 ἐμαυτόν
687 1293 730 1329 γε
762 1277 967 1328 ἀδικήσειν
997 1277 1064 1316 καὶ
1095 1274 1175 1315 κατ’
1211 1276 1383 1326 ἐμαυτοῦ
1415 1275 1516 1326 ἐρεῖν
1547 1276 1667 1323 αὐτὸς
1694 1275 1745 1323 ὡς
1776 1275 1884 1324 ἄξιός

196 1354 276 1403 εἶμί
305 1370 374 1393 του
408 1360 534 1393 κακοῦ
565 1353 629 1392 καὶ
662 1354 899 1404 τιμήσεσθαι
930 1354 1113 1392 τοιούτου
1144 1352 1250 1399 τινὸς
1283 1351 1449 1407 ἐμαυτῷ.
1475 1350 1594 1394 Idem
1628 1350 1758 1408 paulo
1787 1354 1886 1408 post

194 1428 252 1471 38
270 1428 322 1477 Α,
354 1428 420 1468 καὶ
452 1429 526 1481 ἐγὼ
557 1428 639 1478 ἃμα
671 1429 744 1468 οὐκ
778 1429 957 1479 εἴθισμαι
985 1428 1156 1478 ἐμαυτὸν
1187 1427 1327 1475 ἀξιοῦν
1358 1434 1485 1466 κακοῦ
1513 1428 1689 1474 οὐδενός.
1722 1425 1884 1469 Deinde

196 1502 437 1546 incredibili
486 1519 582 1546 cum
632 1502 875 1546 mobilitate
925 1502 991 1546 vel
1035 1501 1285 1546 urbanitate
1318 1506 1360 1544 et
1391 1500 1617 1558 obsequio,
1652 1501 1720 1545 vel
1751 1501 1884 1545 aliam

195 1580 251 1623 ob
283 1594 479 1629 causam,
512 1578 720 1623 Socrates
751 1578 1007 1622 Platonicus
1040 1577 1305 1621 sententiam
1338 1582 1492 1621 mutat.

257 1654 363 1698 Uter
392 1670 540 1698 verum
579 1654 706 1698 nobis
734 1654 946 1698 tradidit?
976 1654 1181 1698 Socrates
1209 1653 1561 1710 Xenophonteus
1588 1652 1886 1696 amicisinter-

196 1730 298 1774 dicit
344 1736 474 1788 atque
522 1731 707 1788 imperat
750 1747 803 1774 ne
840 1730 959 1774 litem
995 1730 1078 1773 sibi
1111 1730 1358 1773 aestiment.
1394 1730 1600 1774 Socrates
1632 1728 1885 1773 Platonicus

193 1811 429 1863 postremo,
461 1806 698 1864 quominus
731 1807 823 1863 ipse
856 1806 938 1849 hoc
968 1806 1116 1855 faciat,
1149 1821 1235 1849 non
1269 1810 1457 1850 recusat.

255 1882 396 1938 Vulgo
436 1881 514 1925 viri
548 1882 660 1925 docti
696 1882 839 1938 magis
872 1882 1152 1925 adducuntur
1186 1886 1231 1924 ut
1270 1880 1579 1938 Xenophontis
1617 1881 1751 1924 verba
1783 1895 1887 1924 vera

195 1974 292 2001 esse
332 1962 502 2015 putent.
547 1957 726 2001 Ultimis
771 1956 931 2007 verbis,
967 1974 1025 2000 sc.
1060 1958 1149 1997 οὔτε
1182 1959 1272 2005 τοὺς
1305 1960 1447 2007 φίλους
1479 1959 1626 2006 εἴασεν,
1656 1956 1886 2000 Platonem

194 2033 442 2090 impugnari
486 2049 512 2077 a
555 2033 851 2090 Xenophonte
885 2033 1023 2076 aiunt.
1059 2032 1224 2076 Contra
1257 2032 1311 2076 H.
1346 2032 1494 2076 ΜΑΙΕΒ
1526 2032 1552 2075 l.
1586 2032 1614 2075 l.
1648 2031 1758 2076 484¹
1789 2031 1884 2075 Pla-

195 2114 341 2152 tonem
383 2109 575 2153 defendit
623 2114 722 2166 post
771 2109 1035 2160 ZELLERIUM,
1070 2109 1195 2153 alios.
1241 2109 1374 2152 Recte
1418 2124 1517 2152 eum
1551 2107 1679 2151 nobis
1711 2113 1752 2151 et
1786 2123 1885 2151 vere

196 2184 305 2227 haec
336 2199 555 2232 enarrare,
596 2184 772 2228 nonnisi
808 2201 912 2229 vera
945 2185 1098 2228 habita
1130 2185 1239 2228 haec
1267 2184 1459 2241 intellegi
1482 2200 1614 2241 posse
1639 2183 1883 2227 contendit:

198 2259 532 2313 „Verstandlich
584 2260 754 2303 werden
805 2260 889 2304 alle
937 2261 1056 2304 diese
1104 2261 1318 2317 Angaben
1353 2260 1463 2303 doch
1497 2275 1578 2303 nur
1610 2260 1725 2303 dann
1759 2275 1884 2303 wenn

194 2335 258 2378 sie
289 2334 356 2378 als
388 2334 624 2378 historisch
661 2336 903 2380 betrachtet
932 2336 1103 2379 werden
1139 2335 1338 2379 durfen''.

254 2409 347 2466 Ego
380 2415 527 2454 autem
561 2410 688 2453 aliter
720 2411 827 2454 mihi
862 2411 1010 2455 videor
1045 2411 1323 2468 perspexisse
1357 2410 1554 2454 Platonis
1585 2410 1812 2467 ingenium
1847 2415 1886 2453 et

189 2485 374 2528 libenter
424 2485 668 2542 adstipulor
720 2486 822 2529 viris
872 2486 1010 2530 doctis
1057 2487 1162 2530 Jo'i'JL
1206 2487 1298 2541 (der
1340 2486 1463 2530 echte
1511 2486 1600 2529 und
1632 2486 1705 2529 der
1738 2485 1883 2529 Xeno-

193 2560 455 2617 phontische
502 2560 716 2604 Sokrates
765 2578 803 2618 p.
838 2562 941 2616 479)
990 2567 1030 2605 et
1079 2562 1256 2606 SCHANZ
1304 2563 1329 2605 l.
1365 2562 1390 2604 l.
1425 2562 1495 2612 98,
1544 2562 1618 2619 qui
1647 2566 1802 2619 putant
1833 2576 1884 2604 ea

194 2652 307 2687 Quae
352 2637 557 2693 leguntur
600 2640 657 2682 33
679 2639 741 2687 B„
790 2639 941 2683 addita
987 2655 1085 2682 esse
1121 2644 1165 2682 ut
1201 2640 1324 2682 Plato
1357 2644 1398 2682 et
1430 2638 1524 2682 eius
1557 2637 1687 2682 amici
1722 2663 1771 2668 --
1807 2636 1882 2680 sed

194 2712 409 2770 imprimis
440 2712 565 2756 Plato
602 2740 650 2744 —
691 2714 837 2768 „clara
870 2715 911 2757 in
945 2715 1040 2757 luce
1074 2714 1382 2771 refulgerent²’.

239 2882 261 2923 ¹)
287 2881 483 2916 Praeterea
519 2883 700 2917 vocabula
744 2888 807 2921 ἐμοὶ
842 2888 898 2922 μὲν
933 2888 969 2924 δή
1008 2896 1089 2918 cum
1128 2883 1297 2927 emphasi
1336 2885 1535 2919 enuntiata
1579 2883 1673 2918 satis
1712 2883 1882 2917 indicant

193 2941 482 2986 Xenophontem
508 2955 644 2978 novam
670 2946 705 2978 et
731 2944 941 2979 inauditam
968 2944 1197 2979 sententiam
1224 2944 1358 2979 dicere.
