2019 3299
916 141 971 184 23

169 269 305 325 Igitur
347 284 422 324 per
462 273 596 312 totam
638 268 900 324 Apologiam
946 268 1315 325 Xenophonteam
1361 269 1560 312 videmus
1594 268 1790 311 Socratis

112 359 260 388 veram
302 343 439 387 animi
482 343 827 398 magnitudinem
862 343 906 397 (i.
927 359 961 386 e.
997 343 1142 400 qualis
1176 359 1219 386 re
1255 359 1357 387 vera
1389 359 1441 387 ea
1473 343 1591 397 erat),
1629 343 1709 391 vel,
1743 347 1788 385 ut

110 419 314 465 malevoli
356 419 667 463 obtrectatores
709 418 845 468 aiunt,
888 419 1154 462 iactantiam.
1198 419 1340 462 Nobis
1382 434 1432 462 ea
1464 433 1551 461 non
1591 417 1790 461 miranda

110 500 187 540 est.
222 493 440 538 Novimus
473 493 587 536 enim
621 493 715 536 eius
748 493 986 549 ingenium.
1021 493 1183 537 Contra
1214 494 1458 550 gaudemus
1490 492 1655 550 passim
1683 492 1790 535 talia

109 571 223 615 dicta
262 568 361 625 legi,
404 568 538 612 totius
581 568 794 612 orationis
836 573 1032 612 tenorem
1065 574 1106 612 et
1136 569 1326 613 indolem
1361 570 1454 613 eius
1488 569 1604 612 modi
1636 567 1787 616 fuisse,

107 646 417 704 philosophum
437 649 634 688 nostrum
652 644 985 689 accusatoribus
1004 649 1044 688 et
1060 645 1277 688 iudicibus
1296 644 1543 688 irridentem
1559 643 1787 700 pulchrum

107 720 231 778 cycni
263 725 441 764 cantum
473 720 564 763 alta
597 735 699 763 voce
732 719 961 763 cecinisse.

197 950 222 998 ξ
251 950 285 987 7.
342 950 409 986 DE
439 949 691 987 SOCRATIS
719 949 773 985 IN
802 947 1068 985 APOLOGIA
1097 946 1391 984 PLATONICA
1424 947 1693 984 SUPERBIA.

162 1099 218 1143 At
252 1099 412 1143 Plato?
439 1099 567 1156 Apud
596 1100 824 1143 Platonem
851 1099 965 1142 alius
995 1099 1200 1143 Socrates
1228 1114 1274 1142 se
1303 1098 1429 1142 nobis
1447 1098 1586 1147 offert,
1606 1098 1790 1155 pulchra

105 1179 224 1218 veste
272 1175 574 1224 verecundiae,
619 1175 951 1231 modestiaeque
992 1175 1187 1224 indutus,
1232 1174 1366 1218 homo
1410 1175 1605 1218 urbanus
1648 1190 1788 1231 neque

103 1249 251 1300 durus,
293 1250 423 1293 homo
470 1250 648 1306 elegans
692 1265 834 1307 neque
877 1249 1082 1299 incultus,
1124 1251 1359 1302 λελουμένος
1398 1267 1436 1290 τε
1468 1251 1631 1298 καὶτὰς
1667 1253 1787 1303 βλαύ-

102 1342 169 1374 τας
212 1351 262 1357 -
306 1340 417 1383 quas
473 1324 664 1368 fortasse
714 1339 956 1381 numquam
1004 1323 1156 1369 habuit
1204 1349 1261 1354 —
1302 1326 1610 1376 ὑποδεδεμένος,
1657 1325 1787 1368 homo
1845 1321 1847 1324 ’

101 1401 218 1448 καλὸς
248 1401 520 1454 γεγενημένος.
554 1399 683 1443 Alius
716 1399 921 1443 Socrates
955 1399 1027 1457 qui
1056 1399 1178 1442 timet
1206 1404 1485 1444 accusatores
1514 1405 1554 1443 et
1577 1401 1789 1445 obtrecta-

105 1479 232 1518 tores.
275 1474 403 1532 Apol.
449 1474 503 1518 18
521 1474 570 1519 B.
612 1475 682 1523 οὓς
724 1475 798 1528 ἐγὼ
840 1480 989 1527 μᾶλλον
1032 1477 1239 1527 φοβοῦμαι
1291 1475 1316 1527 ἢ
1349 1476 1440 1523 τοὺς
1482 1476 1584 1527 ἀμφὶ
1606 1476 1789 1529 Ἄνυτον,

102 1553 242 1604 καίπερ
283 1551 400 1600 ὄντας
431 1552 497 1592 καὶ
530 1554 694 1600 τούτους
733 1553 891 1600 δεινοὺς
922 1568 956 1591 κ.
974 1569 1003 1591 τ.
1021 1556 1051 1591 λ.
1085 1555 1126 1594 et
1157 1551 1289 1608 paulo
1321 1556 1420 1608 post
1453 1549 1561 1593 οὗτοι
1595 1555 1636 1593 οἵ
1665 1556 1792 1594 δεινοί

100 1627 200 1666 εἰσίν
239 1643 318 1678 μου
358 1629 582 1680 κατήγοροι.
630 1626 816 1670 Prorsus
849 1626 935 1670 alio
968 1642 1144 1684 quoque
1175 1628 1304 1670 modo
1337 1627 1502 1670 iudices
1536 1627 1786 1685 alloquitur.

99 1700 229 1758 Apud
271 1700 610 1759 Xenophontem
656 1702 790 1745 verba
816 1701 1019 1745 mirantis
1057 1707 1098 1745 et
1131 1702 1406 1758 indignantis
1437 1702 1637 1759 legimus,
1672 1703 1785 1747 Xen.

100 1775 228 1833 Apol.
273 1777 349 1820 11:
391 1776 470 1817 ἀλλ’
516 1778 604 1831 ἐγὼ,
650 1775 679 1818 ὦ
721 1777 864 1830 ἄνδρες
905 1795 938 1817 κ.
957 1795 986 1817 τ.
1003 1783 1048 1828 t,
1089 1777 1386 1834 superbientis
1431 1794 1535 1821 vero
1569 1777 1596 1833 ᾗ
1636 1779 1687 1822 14
1718 1781 1785 1833 ἄγε

101 1852 150 1903 δὴ
181 1852 374 1893 ἀκούσατε
404 1853 471 1892 καὶ
502 1853 599 1893 ἄλλα
875 1870 908 1893 κ.
926 1870 954 1893 τ.
972 1858 1005 1895 λ.
1034 1853 1166 1896 Addit
1194 1852 1325 1897 eliam
1344 1855 1638 1911 captationem
1658 1855 1784 1899 bene-

100 1925 331 1977 volentiae,
364 1941 495 1984 quam
517 1931 688 1981 vocant,
727 1927 775 1971 17
795 1926 827 1970 C
859 1928 925 1967 καὶ
962 1929 1095 1980 μέντοι
1127 1928 1213 1968 καὶ
1244 1931 1405 1981 πάνυ,
1436 1926 1464 1970 ὦ
1499 1930 1642 1983 ἄνδρες
1667 1937 1784 1983 Ἀθη-

99 2006 218 2054 ναῖοι,
248 2009 362 2043 τοῦτο
395 2003 508 2055 ὑμῶν
542 2004 725 2054 δέομαι
759 2003 844 2042 καὶ
877 2005 1540 2057 παρίεμαιῂμήτε
1562 2009 1784 2058 θαυμάζειν

97 2079 191 2130 μήτε
236 2081 432 2132 θορυβεῖν
478 2081 621 2120 τούτου
669 2079 794 2120 ἕνεκα.
1089 2082 1218 2134 ὥσπερ
1261 2077 1335 2122 οὖν
1372 2081 1423 2121 ἂν
1455 2084 1784 2135 ξυνεγιγνώσκετε

100 2155 231 2205 δήπου
263 2154 313 2194 ἅν
345 2171 423 2206 μοι,
455 2172 493 2197 κ.
511 2172 541 2195 τ.
559 2160 592 2195 λ.

156 2228 388 2272 Praeterea
435 2229 526 2286 ipse
574 2228 735 2273 fatetur
783 2245 946 2286 magna
991 2230 1244 2275 difficultate
1292 2246 1339 2274 se
1387 2231 1497 2275 affici
1546 2233 1660 2289 quod
1699 2232 1782 2275 sibi

99 2304 380 2361 pugnandum
430 2309 496 2348 est
542 2309 695 2348 contra
733 2305 1048 2349 obtrectatores
1092 2306 1265 2362 ignotos
1315 2306 1418 2350 18C
1466 2306 1485 2347 ὃ
1532 2308 1574 2348 δὲ
1620 2310 1782 2348 πάντων

95 2380 343 2434 ἀλογώτατον
375 2381 432 2420 ὅτι
464 2380 560 2421 οὐδὲ
586 2381 632 2420 τὰ
660 2379 836 2432 ὀνόματα
863 2378 949 2422 οἷόν
976 2398 1013 2422 τε
1031 2383 1162 2422 αὐτῶν
1181 2382 1328 2422 εἰδέναι
1345 2383 1411 2422 καὶ
1429 2384 1553 2423 εἰπεῖν

97 2452 207 2496 οὗτοι
237 2458 380 2504 πάντες
413 2456 659 2509 ἀπορώτατοι
691 2458 803 2496 εἰσιν.

157 2530 324 2581 Videte,
367 2530 596 2579 exclamat,
640 2531 819 2581 iudices,
869 2531 1063 2588 inopiam
1115 2533 1278 2576 meam!
1324 2532 1536 2589 Intellego
1569 2549 1637 2577 me
1670 2550 1779 2589 opus

98 2621 327 2663 agressum
357 2622 453 2650 esse
482 2606 627 2650 maius
655 2622 786 2664 quam
815 2608 931 2665 quod
963 2608 1072 2651 bene
1105 2608 1212 2651 mihi
1245 2609 1396 2651 cedere
1429 2614 1590 2666 posset.
1620 2609 1779 2660 Quam-

97 2681 243 2724 obrem
303 2681 646 2727 misericordiam
700 2688 890 2728 vestram
951 2685 1150 2741 imploro.
1210 2684 1265 2727 Ut
1323 2685 1486 2728 bonum
1546 2686 1684 2729 civem
1738 2691 1778 2729 et

98 2758 343 2802 modestum
379 2759 520 2803 virum
553 2761 686 2811 decet,
720 2762 890 2818 legibus
923 2763 1165 2819 parendum
1199 2778 1296 2805 esse
1328 2762 1548 2819 intellego.
1578 2761 1778 2805 Timidus

100 2837 247 2876 autem
293 2839 333 2877 el
381 2835 539 2879 anxius
586 2835 809 2893 incipiam.
861 2837 963 2881 19C
1010 2838 1274 2891 ἐπιχειρητέον
1487 2847 1536 2893 τῷ
1580 2837 1622 2878 δὲ
1669 2841 1777 2893 νόμῳ

101 2909 281 2949 πειστέον
306 2911 372 2950 καὶ
404 2911 688 2965 ἀπολογητέον.
