2019 3299
926 211 1007 253 149

118 349 200 389 per
244 350 292 378 se
340 350 424 377 non
473 334 721 377 mirandum
771 350 867 377 esse
909 335 1024 391 quod
1060 339 1241 391 uterque
1274 335 1457 390 scriptor
1489 334 1638 377 eadem
1674 334 1725 376 de
1757 350 1800 377 re

117 409 269 452 eodem
319 409 530 452 vocabulo
580 409 727 452 utitur.
778 409 932 465 Neque
981 409 1213 466 quicquam
1262 408 1509 464 argumenti
1556 424 1607 451 ex
1639 408 1801 452 talibus

115 483 476 527 similitudinibus
510 483 594 540 peti
628 488 774 539 posset
807 483 1010 531 fortasse,
1045 483 1080 526 si
1116 483 1270 526 unicae
1303 483 1612 526 similitudines
1639 488 1798 526 essent.

115 558 389 603 Coniunctim
441 574 542 601 vero
591 573 687 601 cum
737 558 835 601 aliis
878 558 1027 601 multis
1056 558 1255 601 nonnihil
1288 559 1412 601 aliter
1448 559 1800 615 interpretandae

114 650 210 679 esse
265 634 463 677 videntur
509 638 549 675 et
597 638 748 676 nostra
795 634 1017 677 sententia
1061 649 1146 676 non
1183 634 1371 690 pessime
1414 639 1512 689 aget
1545 634 1579 676 is
1613 633 1800 690 quibas

115 725 268 753 omnes
312 723 408 753 uno
453 711 618 752 ordine
660 707 854 751 habebit.
898 709 1161 751 Praesertim
1196 724 1311 752 nune
1343 709 1458 765 quod
1492 709 1595 751 illud
1629 710 1798 752 demul-

113 800 212 829 cere
258 799 343 826 non
391 783 442 825 de
475 783 626 825 eodem
679 782 854 825 homine
898 783 1066 832 dicitur,
1111 783 1152 826 id
1185 784 1299 840 quod
1333 783 1627 840 suspicionem
1663 782 1799 825 movit

113 860 297 903 alterum
351 857 582 901 confictum
637 873 748 907 esse,
799 874 851 901 ex
899 858 1140 901 imitatione
1192 864 1360 908 natum,
1414 875 1500 902 non
1549 875 1600 901 ex
1646 858 1797 901 eodem

114 935 233 977 fonte
267 936 487 976 baustum.

171 1084 294 1135 Quae
342 1098 440 1126 cum
489 1082 549 1125 ita
595 1082 697 1132 sint,
743 1083 979 1140 tranquillo
1016 1084 1162 1126 animo
1196 1085 1237 1126 in
1273 1085 1354 1127 hac
1387 1100 1497 1129 mea.
1531 1101 1661 1141 quam
1696 1084 1795 1132 dixi,

113 1159 333 1203 sententia
367 1172 648 1215 perseverare
681 1173 862 1214 possum
896 1174 1037 1215 neque
1070 1174 1122 1201 ea
1156 1159 1456 1202 desistendum
1491 1165 1556 1202 est
1589 1159 1709 1202 mibi.

172 1235 229 1277 At
276 1233 429 1277 dixerit
478 1232 653 1289 aliquis,
702 1248 846 1275 nonne
888 1233 1013 1277 Plato
1056 1234 1147 1290 ipse
1190 1235 1231 1277 in
1268 1235 1422 1277 iudicio
1456 1235 1618 1283 aderat,
1652 1250 1796 1277 nonne

111 1309 242 1366 igitur
268 1324 319 1352 ex
353 1323 434 1352 sua
465 1307 606 1364 ipsius
638 1308 852 1351 memoria
884 1309 1137 1364 depromere
1170 1315 1337 1366 poterat
1371 1326 1420 1353 ea
1448 1310 1607 1366 quibus
1634 1310 1796 1367 Apolo-

109 1385 225 1441 giam
259 1399 387 1427 suam
422 1382 749 1425 conscriberet?
783 1382 862 1426 Cui
896 1390 1002 1427 haec
1040 1385 1302 1440 respondere
1337 1386 1480 1428 velim.
1516 1386 1719 1441 Legimus
1752 1386 1793 1428 in

107 1462 326 1504 Platonis
371 1457 593 1514 Apologia
639 1458 868 1501 Platonem
905 1486 954 1489 —
990 1475 1086 1502 cum
1130 1460 1229 1503 aliis
1266 1488 1313 1491 —
1351 1461 1521 1504 Socrati
1562 1461 1792 1518 pecuniam

109 1534 336 1577 obtulisse.
386 1533 610 1589 Suspicati
658 1549 813 1576 sumus
870 1535 1181 1578 ostentationis
1237 1551 1384 1584 eausa,
1434 1536 1554 1579 nulla
1601 1536 1796 1579 veritatis

109 1610 260 1654 habita
312 1610 497 1652 ratione.
546 1607 693 1652 addita
739 1624 835 1652 esse
882 1610 990 1653 haec
1026 1637 1074 1641 ——
1111 1616 1151 1653 et
1194 1626 1245 1654 ea
1286 1627 1398 1668 quae
1440 1612 1512 1654 illo
1550 1612 1644 1655 loco
1678 1613 1790 1668 apud

111 1686 340 1729 Platonem
390 1689 634 1741 sequuntur
667 1711 716 1716 —
752 1685 853 1728 fieta
893 1691 1038 1729 autem
1074 1691 1113 1729 et
1147 1687 1472 1734 commenticia;
1509 1703 1611 1730 vera
1643 1691 1794 1730 contra

115 1761 379 1804 credidimus
412 1775 524 1816 quae
555 1759 803 1816 Xenophon
838 1768 985 1805 narrat
1018 1777 1076 1805 sc.
1110 1762 1335 1806 Socratem
1374 1763 1481 1807 talia
1513 1763 1641 1820 plane
1675 1779 1792 1819 piae-

106 1837 265 1881 cidisse
317 1841 355 1879 et
404 1835 583 1878 omnino
631 1836 828 1879 noluisse
871 1853 1012 1894 neque
1054 1838 1197 1894 ipsum
1234 1854 1374 1894 neque
1407 1839 1572 1882 amicos
1607 1853 1790 1895 poenam

107 1912 191 1955 sibi
248 1911 453 1967 irrogare.
512 1911 654 1954 Nobis
711 1911 844 1968 igitur
898 1929 982 1956 non
1042 1919 1214 1957 constat
1265 1914 1492 1958 Platonem
1542 1914 1584 1957 in
1633 1914 1791 1957 iudicio

106 1987 315 2030 adfuisse.
344 1986 488 2029 Nimis
521 1987 624 2029 fieta
649 2002 701 2030 ea
728 1988 877 2031 onmia
895 1989 1008 2045 apud
1027 1988 1257 2032 Platonem
1278 1989 1491 2032 videntur.
1511 1990 1787 2046 Quamquam

106 2067 215 2112 esto,
261 2078 305 2105 re
339 2077 442 2104 vera
487 2061 731 2105 intertuerit
768 2063 920 2106 amicis
952 2064 1026 2120 qui
1070 2064 1293 2108 Socratem
1327 2065 1521 2109 comitati
1554 2070 1656 2108 sunt
1688 2069 1789 2109 ante

105 2137 337 2193 collegium
380 2136 585 2180 iudicum.
630 2138 731 2180 Non
765 2154 867 2195 ergo
899 2140 1103 2183 credibile
1138 2146 1201 2183 est
1233 2140 1462 2184 Platonem
1496 2141 1643 2184 omnia
1676 2157 1788 2198 quae

104 2213 163 2256 ibi
209 2213 467 2255 dicebantur
512 2213 694 2256 oblitum
739 2230 850 2258 esse.
884 2215 982 2258 Fuit
1014 2221 1158 2259 autem
1195 2216 1258 2258 vir
1293 2217 1418 2259 valde
1450 2217 1648 2260 literatus
1681 2217 1787 2260 mul-

102 2293 281 2345 tumque
313 2288 356 2330 in
388 2288 525 2332 literis
560 2294 760 2333 versatus
794 2306 935 2347 neque
967 2291 1152 2335 aliarum
1182 2292 1497 2349 Apologiarum
1525 2292 1786 2336 incuriosus.

101 2364 335 2408 Praeterea
365 2364 601 2408 memoriae
629 2381 802 2422 quoque
828 2367 1109 2410 renovandae
1143 2383 1291 2417 causa,
1324 2368 1490 2422 opinor,
1531 2369 1783 2425 priusquam

101 2440 331 2497 pulchrum
378 2444 419 2482 et
460 2440 790 2484 ornatissimum
837 2441 941 2485 illud
981 2443 1242 2492 aedificium,
1277 2443 1344 2486 cui
1378 2459 1536 2486 nomen
1569 2444 1787 2499 Apologia

101 2515 313 2564 Platonis,
361 2516 586 2565 exstruxit,
634 2517 722 2559 alia
769 2517 932 2573 scripta
979 2519 1032 2562 ad
1081 2519 1274 2562 Socratis
1312 2534 1491 2562 causam
1526 2518 1786 2575 pertinentia

101 2590 294 2646 perlegit.
330 2590 447 2632 Inter
478 2606 590 2647 quae
625 2591 791 2634 invenit
823 2592 1084 2649 Apologiam
1112 2594 1502 2650 Xenophonteam!
1534 2594 1781 2637 Admodum

101 2665 288 2721 simplex
314 2671 355 2708 et
383 2666 604 2724 incompta
630 2668 668 2711 ei
697 2669 792 2713 visa
818 2675 906 2718 est;
937 2670 1058 2713 nullo
1088 2671 1317 2714 verborum
1346 2678 1502 2715 ornatu
1527 2672 1783 2728 splendebat

99 2738 242 2796 neque
302 2740 440 2785 literis
488 2743 830 2799 elegantioribus
878 2745 1158 2788 adnumerari
1206 2746 1317 2789 velle
1359 2747 1600 2790 videbatur.
1654 2746 1782 2790 Nude

101 2820 235 2872 atque
266 2815 432 2859 sincere
472 2832 575 2861 vera
606 2823 633 2860 ti
647 2818 715 2861 adi
746 2819 1018 2863 videbantur.
1048 2820 1217 2877 Quippe
1245 2821 1353 2864 nihil
1382 2821 1500 2865 aliud
1527 2826 1619 2865 erat
1642 2837 1783 2877 neque

101 2905 199 2932 esse
231 2891 403 2934 volebat
433 2891 520 2934 nisi
546 2892 731 2949 simplex
758 2894 910 2937 relatio
938 2899 978 2936 et
1000 2894 1144 2938 brevis
1162 2896 1503 2939 commentarius
1520 2897 1571 2939 de
1589 2896 1783 2939 Socratis

103 2979 254 3007 causa.
299 2965 420 3009 Sicut
460 2966 713 3011 historicum
748 2969 881 3012 decet.
913 2969 1083 3013 Etenim
1117 2970 1217 3013 talis
1245 2971 1421 3015 libellus
1452 2972 1616 3015 nullam
1650 2971 1779 3014 aliam
