2019 3299
1022 177 1105 219 144

278 303 315 354 1)
356 302 506 345 Genus
548 300 717 344 dicendi
760 304 800 343 et
848 300 1003 343 modus
1045 300 1260 343 scribendi
1304 301 1491 347 colorem
1528 302 1902 358 Xenophonteum

222 378 384 421 habent
407 378 448 429 ¹).

272 454 312 498 2)
355 452 562 495 Codicum
620 451 859 495 auctoritas
914 456 955 494 et
1002 452 1283 508 antiquorum
1332 451 1598 508 scriptorum
1647 451 1907 496 testimonia

212 528 407 570 tribuunt
432 527 535 577 (vid.
569 528 619 570 O.
655 526 788 569 Fami<
823 526 910 570 l.l.)
947 527 1057 569 hanc
1091 526 1353 583 Apologiam
1387 526 1696 582 Xenophonti.

250 605 312 653 Β)
359 602 481 652 Quae
530 602 569 644 in
614 601 742 658 Apol.
785 601 898 644 Xen.
944 601 1148 657 leguntur
1196 601 1430 644 identidem
1480 602 1607 644 nobis
1642 602 1907 645 videbantur

215 680 385 723 veriora
416 694 546 736 quam
581 694 694 735 quae
727 679 842 734 apud
879 678 1104 722 Platonem
1138 678 1301 721 similia
1328 679 1394 721 vel
1422 677 1906 722 dissimiliainveniun-

211 761 293 799 tur.
323 755 424 799 Non
458 754 663 797 credibile
697 758 763 796 est
796 769 909 802 eum,
945 754 1017 811 qui
1052 753 1134 797 tide
1167 753 1300 810 digna
1333 753 1477 808 tradit,
1510 753 1673 797 imitari
1702 753 1905 802 alterum,

212 833 285 889 qui
328 831 456 873 nobis
500 829 598 872 ficta
640 834 680 872 et
725 829 1036 872 commenticia
1080 829 1296 885 proponit,
1343 845 1484 886 neque
1530 828 1616 873 sibi
1648 832 1907 872 constanter

213 907 329 955 dicit,
360 906 493 948 immo
530 904 707 947 sibimet
739 904 832 959 ipse
865 908 1096 960 repugnat.

268 982 311 1034 4)
361 980 535 1024 Similia
581 996 713 1037 saepe
761 979 994 1023 dissimilia
1041 984 1157 1023 sunt.
1207 979 1348 1037 Saepe
1398 995 1578 1037 prorsus
1627 979 1903 1023 contrarium

210 1057 327 1114 apud
360 1057 472 1100 Xen.
505 1056 663 1112 legitur
695 1060 828 1113 atque
866 1055 981 1112 apud
1015 1055 1259 1099 Platonem.
1298 1055 1390 1099 Hoc
1422 1055 1658 1099 imitatoris
1692 1070 1780 1098 non
1814 1059 1896 1098 est.

212 1133 246 1176 E
277 1132 512 1182 contrario,
541 1133 622 1176 hoe
655 1133 928 1176 demonstrat
960 1132 1216 1189 scriptorem
1244 1132 1491 1189 Apologiae
1519 1132 1632 1196 Xen.
1662 1148 1683 1175 e
1711 1131 1903 1189 propriis

214 1208 306 1252 suis
341 1208 537 1252 fontibus
573 1208 793 1252 hausisse.

270 1286 312 1336 5)
344 1284 390 1326 In
426 1284 646 1341 Apologia
678 1283 791 1326 Xen.
824 1298 1158 1340 nonnumquam
1178 1283 1344 1340 aliquid
1371 1283 1543 1340 legitur,
1563 1284 1678 1340 quod
1698 1283 1905 1328 Socrates

214 1360 469 1404 Platonicus
503 1360 544 1403 in
575 1359 794 1415 Apologia
818 1359 929 1403 Plat.
950 1358 1125 1402 disertis
1148 1359 1291 1402 verbis
1310 1364 1440 1415 negat
1463 1359 1509 1405 2).
1527 1359 1907 1417 Magniloquentia

214 1435 408 1479 Socratis
451 1435 762 1493 Xenophontei
806 1440 844 1478 et
889 1440 1008 1478 totus
1042 1435 1136 1478 eius
1169 1435 1348 1479 habitus
1382 1435 1424 1478 in
1458 1435 1640 1479 Socrate
1671 1435 1904 1479 Platonico

212 1511 376 1554 frustra
416 1511 626 1568 requiras.
665 1511 787 1562 Quae
821 1511 1058 1555 diversitas
1090 1527 1176 1555 non
1208 1516 1272 1554 est
1306 1510 1553 1561 imitatoris,
1588 1510 1664 1555 sed
1699 1506 1794 1554 eius
1827 1509 1902 1568 qui

214 1586 413 1644 propium
447 1593 672 1631 auctorem
706 1587 854 1630 habet.

271 1739 326 1781 Β.
359 1738 512 1781 Altera
539 1752 639 1794 pars
660 1737 851 1781 virorum
885 1737 1111 1780 doctorum
1139 1737 1399 1781 SCHAszM
1426 1734 1681 1794 sequitui-³).
1709 1736 1752 1779 Is
1771 1740 1901 1793 putat

214 1813 570 1870 Xenophontem,
603 1818 836 1870 postquam
870 1813 1051 1870 perlegit
1077 1812 1355 1870 Apologiam,
1383 1826 1478 1856 eam
1506 1812 1656 1856 fictam
1675 1812 1901 1860 habuisse.
1942 1871 1944 1874 .

213 1888 367 1932 deinde
396 1889 610 1944 corrigere
645 1893 685 1932 et
717 1888 908 1932 refutare
943 1888 1151 1932 voluisse.
1180 1888 1420 1945 Postquam
1457 1887 1703 1931 Schanzius
1735 1887 1903 1945 aliquot

213 1965 333 2007 locos
355 1964 608 2008 consimiles
637 1965 748 2008 inter
774 1981 820 2008 se
838 1964 1124 2021 comparavit.
1145 1964 1205 2007 ita
1222 1964 1436 2007 disserere
1457 1963 1595 2020 pergit
1612 1963 1638 2006 l.
1658 1963 1684 2005 l.
1703 1978 1802 2020 pag.
1821 1963 1900 2006 80:

220 2042 375 2096 „Diese
416 2041 726 2097 Beziehungen
768 2041 986 2084 zwischen
1022 2041 1176 2083 beiden
1212 2039 1566 2083 Geisteswerken
1601 2039 1697 2082 sind
1730 2054 1780 2081 so
1812 2037 1905 2081 auf-

214 2117 375 2172 fallige‚
409 2116 512 2160 dass
545 2115 623 2158 wir
654 2116 735 2159 den
769 2116 873 2160 Satz
906 2115 1139 2159 aufstellen
1175 2115 1374 2157 konnen:
1406 2114 1482 2157 Die
1510 2103 1903 2170 Xenophontische

215 2191 427 2248 Apologie
461 2192 515 2234 ist
547 2192 642 2235 eine
676 2192 819 2235 Kritik
854 2193 927 2235 der
962 2191 1271 2235 Platonischen
1307 2191 1442 2234 durch
1477 2190 1574 2234 eine
1607 2190 1769 2234 andere
1800 2189 1901 2233 Dar-

214 2267 405 2323 stellung
447 2267 523 2310 des
571 2267 803 2311 Verlaufes
851 2268 927 2310 der
968 2266 1486 2321 Prozessverhandlung;
1531 2265 1599 2308 die
1633 2264 1902 2321 Xenophon-

213 2342 353 2385 tische
394 2342 608 2400 Apologie
651 2343 706 2386 ist
747 2342 814 2386 ein
858 2343 1030 2386 Protest
1071 2357 1209 2399 gegen
1253 2341 1321 2385 die
1367 2341 1660 2384 Platonische.
1701 2339 1798 2383 Und
1832 2339 1900 2382 ich

217 2418 373 2467 meine,
403 2417 541 2460 sehon
576 2418 651 2462 der
682 2418 886 2475 Eingang
919 2418 957 2462 is
984 2417 1052 2461 ein
1088 2417 1260 2461 solcher
1287 2416 1473 2460 Protest.
1716 2449 1724 2458 .
1754 2414 1899 2458 Wenn
1951 2474 1955 2479 ι

215 2492 462 2549 Xenophon
500 2493 620 2537 seine
653 2494 868 2551 Apologie
901 2493 1038 2538 damit
1070 2492 1264 2549 beginnt‚
1298 2491 1401 2535 dass
1433 2507 1479 2535 er
1511 2490 1767 2537 nachweist‚
1799 2489 1901 2533 dass

264 2651 286 2693 ¹)
318 2649 359 2683 Id
391 2649 490 2693 quod
522 2648 593 2693 ipsi
628 2648 832 2683 adversarii
859 2661 934 2682 non
959 2650 1123 2693 possunt
1146 2659 1221 2681 non
1248 2647 1470 2682 concedere:
1498 2646 1716 2681 Bmscnmo
1744 2643 1793 2678 l.l.
1817 2655 1900 2688 pag.

214 2709 280 2744 517
308 2710 544 2752 „Ratfinesse
565 2709 630 2743 der
649 2708 1028 2753 Stilnachbildung”;
1054 2721 1084 2742 v.
1111 2707 1365 2742 WlLAmowrrz
1388 2707 1437 2742 l.l.
1461 2707 1548 2751 „Sie
1576 2706 1650 2741 will
1676 2703 1901 2748 Xenophon·

217 2770 313 2804 tisch
334 2770 437 2809 sein;
463 2770 530 2803 das
558 2769 659 2812 zeigt
684 2788 728 2793 —
755 2769 820 2803 der
844 2768 916 2803 Stil
944 2768 1020 2802 —'''.

266 2831 291 2872 ²)
316 2830 400 2864 Vid.
424 2842 503 2873 cap.
528 2829 576 2863 ΙΙΙ
602 2830 623 2873 §
650 2830 703 2868 15,
748 2834 815 2872 περὶ
841 2832 997 2866 παιδείαςς
1024 2841 1103 2872 cap.
1131 2828 1160 2862 ll
1189 2828 1210 2872 ξ
1233 2829 1265 2866 6,
1293 2828 1338 2862 de
1364 2827 1562 2862 daemonio
1591 2825 1828 2861 adhortante.

263 2891 287 2933 3)
320 2889 419 2924 Idem
454 2889 500 2923 H.
531 2889 656 2923 Mum<
682 2889 729 2923 l.l.
758 2890 814 2924 15:
843 2914 930 2932 „...
954 2889 1030 2923 und
1063 2889 1127 2923 hat
1152 2888 1264 2923 dabei
1289 2889 1388 2922 ohne
1414 2886 1566 2921 Zweifel
1595 2886 1632 2920 in
1656 2887 1775 2920 erster
1797 2883 1902 2918 Linie

218 2950 277 2984 die
302 2949 546 2984 Platonische
571 2950 758 2993 Apologie
780 2949 828 2984 im
856 2949 1001 2992 Auge’‘.
