2019 3299
901 168 957 210 55

154 286 308 344 Neque
353 287 495 330 solum
542 288 650 331 haec
696 304 746 332 eo
793 294 992 345 spectant
1050 295 1094 333 ut
1142 291 1394 335 Alcibiades
1441 292 1772 349 progressiones

95 361 226 404 faciat
251 362 303 404 ad
333 362 595 417 sapientiam
625 368 665 406 et
693 363 909 407 virtutem.
939 364 996 407 Ut
1016 380 1164 407 verum
1185 371 1369 409 tutorem
1391 368 1524 415 decet,
1547 367 1660 411 vitae
1679 368 1772 411 eius

95 441 133 479 et
160 436 291 480 saluti
318 437 372 480 ab
392 453 442 480 eo
460 437 558 480 inde
576 443 770 494 tempore
787 439 1063 482 consuluisse
1081 440 1306 483 Socratem
1328 447 1671 485 consentaneum
1693 448 1771 486 est.

153 511 226 554 Sic
267 516 313 554 ut
354 512 471 555 facta
511 518 552 555 et
594 513 708 556 dicta
748 514 942 557 Socratis
981 516 1040 568 (ἐν
1072 517 1183 571 ἔργῳ,
1216 517 1257 555 ἐν
1290 519 1389 572 λόγῳ
1423 517 1550 573 Apol.
1583 518 1639 560 40
1660 517 1714 571 A)
1747 534 1773 561 a

92 586 170 630 deo
204 603 278 643 per
310 588 588 632 daemonium
621 589 944 644 custodiuntur,
973 590 1033 633 ita
1058 606 1230 647 quoque
1249 592 1376 634 amici
1397 608 1471 647 per
1489 593 1769 635 daemonium

91 662 285 705 Socratis
317 664 396 705 tuti
429 668 530 706 sunt
562 664 741 707 deorum
770 665 918 708 tutela.
949 665 1137 708 Easdem
1168 670 1311 722 partes
1331 667 1471 722 egisse
1489 668 1769 710 daemonium

91 752 194 793 erga
239 738 403 781 amicos
452 744 582 796 atque
615 755 716 793 ergo
759 739 902 796 ipsum
942 741 1167 784 Socratem
1202 741 1405 784 credibile
1439 748 1519 784 est.
1556 743 1771 786 Voluntas

90 812 158 855 dei
205 813 374 856 Socrati
421 830 496 870 per
541 815 820 858 daemonium
855 815 1043 859 innotuit
1081 821 1122 859 et
1155 816 1192 859 ei
1225 817 1531 867 denuntiatur;
1567 834 1642 874 per
1674 819 1771 861 dae-

90 887 283 930 monium
332 889 485 931 deinde
534 889 752 940 Socrates,
795 891 874 933 deo
907 890 1098 940 favente,
1133 891 1390 948 prohibente
1421 892 1507 945 (vel
1540 893 1770 947 hortante),

90 963 410 1007 admonebatur
441 968 486 1007 ut
512 964 677 1008 amicos
711 964 892 1009 iuvaret.
927 965 1156 1016 Quomodo
1194 967 1302 1009 deus
1335 967 1461 1010 aliter
1492 968 1646 1011 amicis
1679 984 1772 1025 pro-

91 1038 216 1081 desse
248 1039 449 1095 potuerit‚
483 1055 568 1082 non
604 1040 742 1083 video.

146 1113 297 1170 Itaque
327 1130 501 1158 summo
536 1115 640 1158 mihi
677 1116 823 1159 videor
855 1116 946 1159 iure
979 1116 1243 1173 coniungere
1271 1134 1368 1160 cum
1399 1117 1630 1161 daemonio
1659 1135 1770 1175 quae

86 1188 290 1244 leguntur
336 1190 378 1232 in
427 1189 668 1234 Theaeteto
714 1192 795 1234 150
817 1192 863 1233 D.
898 1200 962 1242 τῆς
996 1193 1127 1241 μέντοι
1160 1196 1315 1243 μαιείας
1350 1193 1368 1233 ὁ
1401 1196 1496 1241 θεὸς
1533 1210 1567 1233 τε
1600 1196 1664 1234 καὶ
1697 1197 1770 1248 ἐγὼ

87 1265 223 1313 αἴτιος,
269 1265 342 1307 ubi
389 1266 494 1308 deus
543 1271 583 1309 et
625 1282 782 1309 servus
818 1267 884 1309 vel
918 1266 1190 1316 administer,
1225 1272 1428 1310 auctores
1461 1273 1562 1311 sunt
1597 1285 1770 1325 proges-

90 1338 247 1388 Sionis;
304 1341 385 1384 150
406 1341 453 1383 D.
502 1339 636 1392 οἷσπερ
683 1342 732 1380 ἂν
780 1342 799 1381 ὂ
846 1344 939 1390 θεὸς
973 1345 1153 1398 παρείκῃ,
1185 1342 1238 1385 cf.
1272 1342 1477 1399 Tlieages
1509 1344 1586 1387 131
1608 1346 1673 1384 καὶ
1702 1346 1770 1385 ἐὰν

89 1414 158 1464 μὲν
180 1417 348 1471 παρείκῃ
375 1416 468 1468 ἡμῖν
506 1433 564 1459 sc.
598 1419 639 1457 τὸ
672 1419 896 1468 δαιμόνιον,
931 1417 1008 1460 151
1031 1418 1079 1460 D.
1114 1419 1182 1457 ἐὰν
1214 1420 1287 1471 γὰρ
1319 1420 1413 1466 θεὸς
1447 1420 1586 1474 ἐθέλῃς
1618 1425 1772 1463 contra

89 1489 355 1534 STALLBAUM
388 1491 531 1547 igitur,
564 1492 823 1535 acerrimum
858 1498 1171 1541 accusatorem,
1207 1493 1279 1549 qui
1313 1494 1419 1536 haec
1453 1494 1626 1550 scripsit
1657 1495 1770 1548 (Pla-

90 1565 203 1607 tonis
259 1566 403 1622 Opera
459 1567 531 1610 VI.
589 1568 756 1623 Proleg.
807 1569 859 1611 ad
915 1568 1177 1624 Theagenn:
1244 1568 1386 1623 „Nam
1436 1568 1477 1611 in
1527 1569 1769 1613 Theaeteto

88 1641 342 1698 neutiquam
401 1642 506 1685 illud
562 1643 740 1686 docetur
787 1644 840 1686 ab
889 1643 972 1686 isto
1021 1643 1253 1686 daemonio
1300 1643 1414 1687 alios
1466 1644 1505 1686 in
1561 1645 1768 1688 discendo

87 1732 183 1759 esse
240 1711 414 1760 adiutos
473 1718 584 1761 alios
632 1719 889 1767 retardatos,
939 1719 1014 1761 sed
1070 1719 1152 1761 hoc
1200 1718 1345 1775 potius
1398 1720 1644 1762 ostenditur
1692 1737 1768 1763 eos

86 1791 246 1848 quibus
292 1793 502 1836 divinitus
544 1794 812 1837 destinatum
861 1794 917 1836 sit
950 1810 1024 1850 per
1065 1794 1259 1837 Socratis
1298 1794 1641 1838 familiaritatem
1678 1796 1766 1838 veri

87 1867 336 1923 cognitione
382 1868 533 1923 augeri
574 1868 749 1911 etiamsi
793 1870 847 1913 ab
889 1886 939 1912 eo
974 1869 1081 1912 nihil
1115 1870 1392 1913 edoceantur.
1426 1870 1578 1927 Itaque
1611 1871 1630 1911 ὁ
1664 1874 1770 1921 θεός,

85 1942 156 1999 qui
189 1943 248 1985 ibi
281 1948 561 1993 memoratur,
596 1960 680 1986 non
715 1949 780 1986 est
813 1944 1007 1987 Socratis
1040 1944 1334 1993 daemonium,
1365 1945 1439 1988 sed
1469 1946 1615 2002 potius
1643 1946 1764 1994 deus,

87 2018 112 2061 i.
146 2034 182 2061 e.
217 2034 313 2061 sors
346 2018 537 2061 divina”.

140 2093 293 2150 Neque
336 2094 517 2155 moleste
560 2093 752 2137 feremus
794 2095 868 2137 sed
914 2095 1059 2151 potius
1104 2096 1319 2138 laetamur
1365 2096 1506 2152 „quod
1549 2112 1600 2138 eo
1636 2096 1767 2149 potis·

83 2168 241 2212 simum
286 2169 494 2212 universa
529 2169 706 2226 scriptio
740 2170 927 2226 pertinet
959 2170 1224 2224 (Stallbaum
1259 2171 1338 2225 l.l.)
1369 2177 1412 2214 ut
1446 2172 1769 2214 demonstretur

83 2249 287 2287 eventum
330 2244 587 2299 disciplinae
629 2249 669 2287 et
711 2244 999 2288 institutionis
1043 2246 1293 2289 Socraticae
1336 2251 1472 2288 totum
1509 2246 1768 2302 pependisse

84 2335 136 2362 ex
177 2319 327 2370 divina
366 2320 555 2376 quadani
602 2323 845 2364 daemonii
880 2320 919 2362 vi
957 2325 998 2363 et
1031 2320 1231 2364 efficacia
1263 2337 1350 2378 qua
1382 2321 1584 2364 effectum
1619 2321 1687 2369 sit,
1724 2327 1767 2364 ut

81 2395 168 2442 alii,
201 2394 275 2452 qui
307 2411 404 2438 cum
440 2410 490 2438 eo
523 2396 770 2438 conversati
803 2397 904 2445 sint,
938 2396 979 2437 in
1014 2395 1168 2438 studio⁷
1187 2396 1432 2452 sapientiae
1463 2397 1766 2452 processerint,

81 2470 153 2513 alii
188 2470 294 2512 nihil
327 2470 469 2512 bonae
502 2469 641 2526 frugis
676 2471 717 2513 in
752 2471 943 2513 medium
977 2469 1248 2514 attule1·int.''

142 2545 293 2588 Virum
358 2545 532 2588 doctum
595 2546 857 2602 praeterisse
921 2546 1091 2589 videtur
1154 2546 1433 2589 daemonium
1502 2546 1765 2589 instrumen-

83 2626 175 2664 tum
231 2636 328 2664 esse
379 2625 565 2670 tantum,
619 2621 824 2671 medium,
874 2637 918 2664 re
968 2637 1070 2665 vera
1117 2622 1247 2664 deum
1296 2621 1446 2665 onmia
1492 2621 1678 2670 efficere,
1726 2628 1767 2665 et

83 2711 158 2752 per
197 2697 478 2739 daemonium
521 2696 716 2740 Socratis
753 2701 794 2739 et
836 2697 930 2741 eius
976 2697 1216 2740 amicorum
1268 2697 1401 2740 vitam
1449 2697 1692 2753 gubernare
1726 2704 1765 2740 et

82 2772 318 2814 custodire.

138 2846 342 2902 Theages
375 2862 476 2889 vero
510 2846 632 2889 nulla
664 2863 708 2890 re
741 2848 796 2890 ab
830 2847 929 2891 aliis
962 2847 1149 2904 dialogis
1182 2847 1324 2890 differt
1359 2847 1442 2890 nisi
1476 2848 1591 2904 quod
1625 2863 1764 2890 exem-

78 2920 160 2977 plis
193 2921 251 2964 ibi
285 2921 528 2965 illustratur
560 2923 674 2980 quod
724 2922 766 2965 in
800 2923 899 2966 aliis
932 2923 1105 2979 scriptis
1137 2923 1377 2968 translucet
1409 2928 1450 2966 et
1481 2922 1765 2978 significatur.
