2019 3299
888 188 969 231 159

90 312 316 361 rationem,
349 327 462 369 quae
495 310 718 354 intercedit
752 310 861 353 inter
893 310 1119 354 Platonem
1153 314 1194 352 et
1225 309 1577 366 Xenophontem,
1609 310 1762 354 deinde

88 386 486 431 demonstrabimus
528 385 678 428 eodem
729 386 856 428 modo
899 385 1126 428 Platonem
1160 401 1289 428 usum
1322 401 1418 428 esse
1452 385 1762 441 Aristophane.

90 462 302 519 Exempla
347 465 516 504 tantum
564 465 604 502 et
646 460 949 515 paradigmata
992 460 1098 503 haec
1136 460 1338 503 habenda
1380 465 1495 503 sunt.
1529 460 1764 504 Noluimus

87 541 232 580 autem
280 536 410 579 finem
453 535 674 591 imponere
726 534 825 577 huic
867 534 1149 590 disputationi
1193 539 1427 591 antequam
1471 534 1764 578 indicavimus

89 612 265 668 saepius
297 611 524 654 Platonem
561 609 870 666 Xenophontis
896 609 1059 666 scripta
1091 609 1132 651 in
1163 625 1293 652 suum
1321 624 1448 652 usum
1482 610 1764 660 convertisse,

90 702 229 744 neque
271 686 412 729 solum
456 684 779 741 Xenophontis,
823 684 917 727 eius
955 684 1153 741 aequalis
1190 711 1239 715 -—
1276 685 1356 727 hoc
1395 684 1508 727 enim
1543 685 1766 729 nonnullis

89 763 219 806 etiam
237 761 415 804 dubium
435 775 531 803 esse
545 764 697 816 potest,
717 764 945 815 propterea
963 760 1076 816 quod
1096 759 1250 802 eodem
1269 764 1463 816 tempore
1483 760 1681 803 vixerunt
1698 787 1764 809 -—‚

86 838 162 881 sed
194 837 324 880 etiam
357 836 542 879 aliorum
575 835 849 891 scriptorum,
878 835 951 891 qui
988 835 1184 878 Platonis
1217 840 1359 878 aetate
1393 835 1445 878 ad
1479 835 1643 878 inferos
1676 836 1762 879 iam

87 912 401 955 descenderant
434 915 508 954 aut
541 909 691 952 multis
722 909 851 952 annis
882 914 984 952 ante
1017 925 1115 952 eum
1149 910 1417 966 scripserunt
1449 915 1489 952 et
1521 910 1736 954 obierunt.

148 987 208 1029 De
233 985 532 1029 controversia
558 1000 670 1042 quae
697 984 785 1041 agit
812 985 864 1027 de
891 984 1201 1041 Xenophontis
1224 985 1506 1042 Platonisque
1527 986 1767 1031 Conviviis

87 1077 202 1105 nunc
245 1077 330 1104 non
364 1060 701 1117 disputabimus.
741 1059 841 1102 Non
876 1064 941 1103 est
974 1060 1088 1117 quod
1121 1060 1334 1103 addamus
1367 1064 1517 1103 nostra
1549 1061 1766 1104 sententia

84 1137 310 1181 Platonem
343 1136 717 1192 Xenophonteum
750 1135 1012 1178 Convivium
1045 1135 1282 1191 perlegisse
1315 1140 1355 1177 et
1388 1140 1584 1178 secutum
1610 1152 1707 1179 esse
1725 1143 1766 1179 et

88 1211 317 1255 imitatum.
361 1210 498 1253 Multa
537 1210 660 1252 multi
705 1208 783 1252 viri
825 1209 937 1252 docti
971 1210 1021 1252 de
1054 1209 1135 1252 hac
1168 1209 1427 1266 quaestione
1460 1210 1500 1253 in
1537 1216 1765 1269 utramque

91 1292 258 1344 partem
304 1287 652 1343 disputaverunt.
696 1285 837 1328 Nobis
874 1300 970 1328 earn
1005 1290 1182 1340 tangere
1211 1285 1279 1327 hic
1312 1284 1352 1327 in
1386 1286 1535 1328 animo
1568 1302 1653 1329 non
1687 1292 1765 1330 est.

91 1362 296 1416 Externa,
345 1367 391 1405 ut
438 1362 499 1405 ita
544 1361 699 1408 dicam,
743 1365 1005 1416 argumenta
1046 1360 1216 1403 adicere
1250 1360 1464 1416 cupimus.
1498 1361 1619 1404 Haec
1650 1362 1764 1404 enim

90 1437 304 1494 quaestio,
338 1452 450 1494 quae
483 1452 556 1493 per
587 1451 633 1479 se
667 1437 855 1479 fortasse
887 1435 998 1478 solvi
1031 1451 1116 1478 non
1149 1440 1305 1491 potest,
1339 1451 1389 1477 ex
1422 1435 1605 1479 aliarum
1639 1453 1767 1493 quae-

90 1512 282 1555 stionum
315 1512 643 1569 comparatione
674 1511 887 1554 solvenda
918 1527 1015 1554 esse
1050 1510 1231 1553 videtur.

599 1711 624 1758 g
652 1713 688 1748 3.
748 1711 810 1747 DE
840 1711 1020 1747 HIPPIA
1050 1710 1262 1747 MAIORE.

148 1829 244 1872 Hoc
270 1844 443 1886 quoque
471 1828 512 1871 in
541 1828 716 1884 dialogo
744 1828 1046 1885 componendo
1064 1827 1405 1884 Xenophontem
1424 1828 1594 1871 Platoni
1612 1844 1766 1871 ansam

90 1910 130 1948 et
168 1905 338 1948 initium
381 1909 421 1948 et
463 1904 688 1948 materiem
731 1903 985 1961 disputandi
1026 1903 1280 1959 praebuisse
1313 1904 1612 1946 demonstrare
1642 1919 1769 1946 cona·

90 1981 244 2024 bimur.
294 1980 434 2024 Simul
481 1980 544 2023 sic
591 1979 746 2023 melius
794 1979 1071 2035 intellegetur
1116 1994 1334 2035 quaenam
1379 1979 1489 2022 ratio
1530 1979 1768 2022 intercedat

90 2055 200 2099 inter
231 2055 328 2098 Xen
377 2055 507 2098 Mem.
540 2054 603 2097 Ill
635 2055 662 2098 8
693 2059 733 2097 et
768 2054 977 2111 Hippiam
1012 2053 1237 2097 maiorem.

148 2130 338 2173 Primum
372 2130 684 2173 similitudines
716 2134 817 2173 sunt
844 2129 1221 2185 contemplandae,
1248 2128 1362 2171 inter
1387 2144 1498 2184 quas
1516 2129 1600 2172 iam
1620 2129 1766 2172 statim

89 2207 197 2250 haec
229 2205 506 2250 mirationem
542 2210 708 2248 movet:

89 2306 218 2349 Mem.
251 2305 324 2348 IV.
358 2306 399 2349 4.
432 2308 473 2349 5.
925 2322 926 2335 1
993 2303 1124 2361 Hipp.
1163 2304 1266 2347 mai.
1300 2304 1381 2346 281
1404 2304 1457 2346 A.

147 2383 231 2435 διὰ
277 2383 466 2434 χρόνον
512 2382 586 2434 γὰρ
618 2382 862 2432 ἀφικόμενος
924 2376 925 2415 J
1039 2379 1197 2427 Ἱππίας
1239 2379 1258 2419 ὅ
1301 2381 1418 2427 καλός
1461 2396 1498 2418 τε
1534 2380 1598 2419 καὶ
1632 2382 1770 2430 σοφός,

88 2456 289 2505 ὅἽνῑπίας
323 2459 512 2509 Ἀθήναζε
543 2457 777 2509 παρεγένετο
810 2465 859 2511 τῷ
923 2445 925 2462 ⁴¹
988 2455 1039 2503 ὡς
1088 2456 1170 2495 διὰ
1218 2457 1408 2507 χρόνον
1455 2454 1550 2506 ἡμῖν
1596 2463 1768 2507 κατῆρας

87 2535 287 2584 Σωκράτει
319 2550 352 2572 κ.
370 2550 398 2571 τ.
416 2537 447 2572 λ.
923 2516 924 2562 l
988 2532 1042 2579 εἰς
1075 2531 1141 2578 τὰς
1178 2532 1360 2581 Ἀθήνας.

146 2639 247 2683 Non
299 2639 409 2682 forte
456 2638 624 2687 accidit,
672 2638 839 2695 opinor,
886 2642 932 2680 ut
979 2637 1093 2694 apud
1143 2642 1376 2694 utrumque
1423 2637 1676 2693 scriptorem
1724 2637 1765 2688 in

87 2715 261 2771 dialogo
306 2713 349 2757 in
396 2729 482 2771 quo
531 2712 716 2769 Hippias
764 2728 862 2756 cum
912 2712 1091 2755 Socrate
1139 2712 1331 2768 disputat
1370 2711 1476 2754 illud
1518 2713 1584 2752 διὰ
1623 2714 1768 2765 χρόνου

86 2794 297 2834 occurrat.
347 2789 547 2832 Alterum
590 2788 773 2831 alterum
821 2787 981 2844 legisse
1022 2787 1107 2831 iam
1151 2787 1251 2829 inde
1292 2786 1477 2830 libenter
1506 2791 1768 2830 statuamus,

86 2866 215 2922 Apud
248 2865 476 2908 Platonem
509 2863 618 2907 illud
650 2865 715 2904 διὰ
746 2866 890 2917 χρόνου
924 2867 1181 2906 exornatum
1215 2867 1280 2905 est
1312 2867 1352 2905 et
1384 2862 1558 2906 initium
1592 2863 1637 2905 fit
1670 2878 1768 2905 con-

86 2937 327 2984 fabulandi.
358 2939 482 2982 Plato
516 2939 644 2988 enim,
679 2938 716 2981 si
747 2938 882 2981 semel
915 2938 1046 2982 habet
1079 2938 1193 2981 unde
1226 2937 1540 2993 proficiscatur,
1574 2938 1769 2980 ubertate
