2019 3299
926 180 982 222 53

173 303 342 347 Diserte
375 303 487 346 Xen.
520 302 650 345 Mem.
683 302 717 344 Ῑ.
755 302 790 344 1.
830 302 904 345 19:
938 304 1154 351 Σωκράτης
1189 303 1230 342 δὲ
1261 305 1389 342 πάντα
1422 303 1492 353 μὲν
1519 302 1646 354 ἡγεῖτο
1675 304 1796 363 θεοὺς

115 382 278 429 εἰδέναι,
310 382 355 418 τά
398 395 432 418 τε
472 380 662 431 λεγόμενα
694 379 759 417 καὶ
792 379 1041 429 πραττόμενα
1074 379 1136 417 καὶ
1172 379 1215 416 τὰ
1246 387 1335 433 σιγῇ
1367 379 1650 430 βουλευόμενα,
1680 394 1798 416 παν-

115 462 270 507 ταχοῦ
304 454 355 494 δὲ
389 459 639 506 παρεῖναι
670 453 751 492 καὶ
785 454 1068 503 σημαίνειν
1102 458 1209 500 τοῖς
1242 453 1549 504 ἀνθρώποις
1592 452 1678 502 περὶ
1721 459 1796 491 τῶν

114 531 378 579 ἀνθρωπείων
406 531 580 568 πάντων.

174 605 301 648 Mem.
350 603 381 646 Ι.
429 603 470 646 4.
528 604 580 646 18
627 603 677 655 ἢν
711 634 848 636 ψ--
880 604 981 642 οὕτω
1029 604 1093 642 καὶ
1141 611 1217 641 τῶν
1268 608 1371 641 θεῶν
1410 608 1551 653 πεῖραν
1593 603 1798 657 λαμβάνῃς

114 682 366 732 θεραπεύων,
412 681 451 719 εἴ
490 682 526 719 τί
571 693 632 718 σοι
678 681 895 729 θελήσουσι
938 679 1025 729 περὶ
1058 686 1134 717 τῶν
1167 679 1325 728 ἀδήλων
1359 679 1591 726 ἀνθρώποις
1624 680 1801 728 συμβου-

115 759 255 806 λεύειν,
285 758 426 808 γνώσει
459 756 499 794 τὸ
531 759 645 794 θεῖον
679 755 734 794 ὅτι
766 761 956 794 τοσοῦτον
988 754 1053 793 καὶ
1086 755 1266 793 τοιοῦτόν
1293 757 1411 803 ἐστιν,
1442 751 1537 792 ὥσθ’
1568 754 1648 803 ἅμα
1670 755 1799 792 πάντα

116 832 212 882 ὁρᾶν
257 832 322 871 καὶ
368 832 497 869 πάντα
544 830 706 869 ἀκούειν
753 829 818 868 καὶ
864 837 1068 880 πανταχοῦ
1100 834 1286 880 παρεῖναι
1319 829 1384 867 καὶ
1416 830 1495 879 ἅμα
1527 830 1687 867 πάντων
1719 829 1800 867 ἐπι-

115 913 330 959 μελεῖσθαι.
363 905 428 949 Cf.
463 906 590 948 Mem.
626 904 701 947 IV.
734 906 774 947 3.
816 905 864 946 12
903 904 985 947 sub
1019 903 1165 947 finem.

173 981 420 1025 Notissima
446 982 580 1025 verba
607 983 911 1032 συμβουλεύειν,
937 983 1146 1031 σημαίνειν
1176 979 1249 1029 (cf.
1270 979 1381 1021 Xen.
1406 978 1533 1034 Apol.
1558 978 1623 1031 12)
1642 977 1799 1020 indicio

114 1062 216 1101 sunt
261 1056 539 1100 daemonium
589 1056 656 1098 his
703 1070 877 1112 quoque
924 1054 1031 1097 locis
1064 1054 1315 1110 significari.
1357 1053 1570 1096 Homines
1605 1068 1799 1109 praemo-

115 1138 271 1176 nentur
302 1132 524 1175 ominibus
560 1131 828 1187 vulgaribus,
868 1131 1074 1174 Socrates
1109 1146 1182 1186 per
1214 1129 1519 1173 daemonium!

175 1209 340 1252 Deinde
387 1208 514 1265 Apol.
563 1208 673 1250 Plat.
721 1207 778 1251 40
796 1207 848 1250 A.
871 1207 917 1250 Β.
966 1207 989 1258 ἡ
1036 1208 1109 1259 γὰρ
1158 1208 1328 1246 εἷωθυῑοί
1371 1223 1435 1254 μοι
1473 1205 1641 1257 μαντικὴ
1674 1203 1697 1255 ἡ
1731 1211 1799 1243 τοῦ

118 1287 330 1337 δαιμονίου
378 1285 419 1324 ἐν
467 1284 537 1335 μὲν
584 1292 634 1339 τῷ
680 1285 860 1334 πρόσθεν
908 1285 1035 1338 χρόνῳ
1082 1283 1200 1321 παντὶ
1248 1285 1354 1321 πάνυ
1395 1281 1527 1331 πυκνὴ
1561 1281 1621 1320 ἀεὶ
1653 1275 1702 1331 ἦν
1735 1279 1800 1318 καὶ

115 1363 223 1401 πάνυ
251 1361 313 1401 ε’πὶ
340 1364 517 1411 σμικροῖς
545 1359 844 1410 ε’ναντιουμὲνη,
869 1360 953 1398 εἴτι
972 1359 1150 1408 μέλλοιμι
1178 1359 1230 1408 μὴ
1250 1357 1382 1407 ὀρθῶς
1399 1359 1572 1407 πράξειν
1590 1393 1608 1395 ,ε
1633 1392 1799 1395 cufim„-

117 1436 202 1487 ἐμοὶ
248 1435 289 1475 δὲ
335 1436 424 1475 οὔτε
464 1435 602 1482 ἐξιόντι
644 1434 772 1473 ἕωθεν
814 1435 978 1473 οἴκοθεν
1020 1433 1252 1485 ἠναντιώθη
1297 1433 1336 1471 τὸ
1380 1439 1449 1470 τοῦ
1492 1436 1592 1470 θεοῦ
1626 1435 1802 1481 σημεῖον,

117 1511 205 1551 οὔτε
250 1510 369 1563 ἡνίκα
415 1510 630 1562 ἀνέβαινον
678 1510 876 1548 ἐνταυθοῖ
917 1509 978 1548 ἐπὶ
1022 1510 1062 1547 τὸ
1106 1509 1377 1558 δικαστήριον,
1419 1504 1495 1546 οὔτ’
1539 1506 1579 1545 ἐν
1612 1513 1661 1560 τῷ
1700 1507 1800 1560 λόγῳ

118 1588 297 1638 οὐδαμοῦ
339 1587 519 1637 μέλλοντί
557 1603 590 1624 τι
634 1586 747 1636 ἐρεῖν·
790 1586 963 1624 καίτοι
1004 1584 1054 1623 ἐν
1097 1584 1277 1630 ἄλλοις
1320 1584 1499 1633 λόγοις
1537 1585 1800 1631 πολλαχοῦ

119 1664 177 1711 δή
224 1678 278 1713 με
326 1662 503 1713 ε’πέσχε
560 1661 777 1713 λέγοντα
825 1661 1038 1709 μεταξύ·
1087 1666 1163 1697 νῦν
1206 1657 1247 1698 δὲ
1291 1659 1474 1707 οὐδαμοῦ
1521 1657 1608 1705 περὶ
1654 1657 1801 1706 ταύτην

118 1739 189 1788 τὴν
220 1740 365 1787 πρᾶξιν
398 1735 503 1776 οὔτ’
541 1737 591 1775 ἐν
624 1737 748 1790 ἔργῳ
782 1735 965 1774 οὐδενὶ
998 1732 1104 1774 οὔτ’
1141 1734 1191 1773 ἐν
1224 1734 1351 1788 λόγῳ
1385 1732 1627 1783 ήναντίωταί
1657 1748 1734 1780 μοι.

176 1810 505 1855 Intercessionis
532 1809 751 1853 daemonii
773 1824 913 1865 pauca
934 1808 1136 1863 exempla
1161 1807 1367 1849 omnihus
1397 1811 1500 1848 nota
1518 1804 1803 1848 inveniuntur

119 1887 228 1931 Plat.
256 1886 446 1943 Euthyd.
475 1886 560 1928 272
581 1885 628 1928 Ε.
657 1884 729 1927 ubi
758 1884 876 1927 abire
907 1888 1090 1932 vetatur,
1110 1882 1407 1939 sophistarum
1438 1880 1800 1924 declamationem

118 1963 269 2006 audire
300 1967 341 2005 et
372 1961 599 2018 colloquiis
637 1960 846 2003 interesse
883 1959 1023 2003 debet.

177 2037 386 2094 Respubl.
418 2037 504 2080 496
523 2036 582 2084 C„
618 2036 744 2092 Apol.
780 2035 889 2078 Plat.
922 2034 976 2078 31
1000 2036 1032 2077 l)
1066 2034 1139 2077 ubi
1168 2034 1221 2076 ad
1249 2048 1339 2076 rem
1360 2032 1578 2089 publicam
1599 2031 1802 2074 accedere

118 2113 384 2170 prohibetur,
416 2112 599 2155 Phaedr.
632 2111 716 2153 242
738 2111 771 2153 Β
805 2110 878 2153 ubi
910 2111 1072 2153 flumen
1107 2108 1295 2152 transire
1330 2112 1512 2151 vetatur.

178 2189 307 2231 Mem.
341 2187 461 2243 Xen„
486 2186 560 2229 IV.
593 2187 633 2229 8.
667 2188 722 2236 5„
755 2186 883 2243 Apol.
916 2186 944 2228 4
976 2184 1218 2228 orationem
1253 2183 1452 2227 meditari
1483 2198 1567 2225 non
1602 2182 1713 2225 licet.

177 2265 358 2307 Theaet.
408 2263 515 2306 Plat.
552 2262 626 2305 151
652 2262 704 2311 A,
739 2262 844 2305 alibi
876 2261 1113 2305 amicitiam
1148 2260 1410 2315 coniungere
1449 2258 1647 2315 prohibet
1681 2258 1802 2300 deus.

180 2340 302 2383 Haec
349 2338 498 2382 omnia
544 2338 596 2381 ad
642 2341 777 2394 facta
823 2336 1018 2380 Socratis
1065 2340 1263 2392 spectant
1308 2336 1365 2388 (ἐν
1413 2336 1540 2391 ἔργῳ).
1574 2333 1802 2375 Daemonii

117 2418 443 2471 disputantem
500 2413 727 2457 Socratem
785 2414 1096 2469 gubernantis
1142 2414 1183 2454 et
1228 2412 1434 2466 regentis
1481 2408 1687 2451 indicium
1737 2408 1802 2451 vel

119 2485 364 2548 exemplum
399 2489 765 2547 deprehendimus
798 2488 841 2531 in
876 2487 1075 2530 Phaedro
1109 2486 1281 2541 dialogo
1309 2485 1394 2527 242
1414 2484 1460 2527 C.

178 2565 351 2609 Etenim
395 2566 480 2609 iam
517 2565 702 2609 Phaedr.
737 2565 824 2607 238
841 2563 887 2606 C.
911 2563 957 2606 D.
993 2561 1232 2619 disputatio
1268 2561 1437 2603 videtur
1469 2576 1495 2602 a
1528 2559 1619 2601 deis
1652 2560 1802 2615 guber-

121 2641 216 2685 nari
235 2644 338 2681 δοκῶ
365 2658 400 2681 τι
430 2643 652 2693 σοί,ὥσ,περ
672 2641 839 2695 ἐμαυτῷ,
870 2644 1023 2678 θεῖον
1057 2640 1228 2685 πάθος
1262 2637 1619 2682 πεπονθέναι;
1666 2671 1684 2673 ,ι
1709 2671 1803 2673 ⁷

120 2721 250 2771 Σιγῇ
282 2718 419 2756 τοίνυν
446 2733 522 2766 μου
551 2716 685 2755 ἄκουε.
712 2723 761 2769 τῷ
797 2714 878 2754 ὄντι
910 2715 982 2766 γὰρ
1017 2718 1166 2760 θεῖος
1199 2713 1326 2751 ἔοικεν
1360 2711 1379 2751 ὁ
1411 2711 1531 2757 τόπος
1563 2707 1676 2750 εἶναι·
1710 2710 1804 2749 ὥστε

121 2793 189 2831 ἐὰν
220 2792 296 2842 ἄρα
326 2793 513 2838 πολλάκις
546 2793 829 2842 νυμφόληπτος
862 2790 1072 2840 προϊόντος
1104 2795 1172 2827 τοῦ
1205 2789 1324 2838 λόγου
1353 2786 1540 2837 γένωμαι,
1566 2786 1618 2835 μὴ
1645 2786 1805 2834 θαυμά-

122 2881 204 2922 σῃς.

121 2949 243 2982 ταῦτα
275 2941 344 2995 μὲν
378 2937 450 2984 οὖν
483 2946 582 2999 θεῷ
615 2942 784 2992 μελήσει,
814 2938 909 2990 ἡμῖν
937 2938 978 2978 δὲ
1004 2939 1102 2988 πρὸς
1130 2938 1197 2978 τὸν
1224 2938 1349 2978 παῖδα
1368 2938 1486 2974 πάλιν
1504 2944 1553 2997 τῷ
1572 2937 1672 2992 λόγῳ
1691 2934 1805 2974 ἰτέον.

435 2866 532 2906 ἀλλὰ
572 2866 617 2905 τὰ
648 2865 767 2905 λοιπὰ
804 2864 937 2904 ἄκουε
970 2865 1064 2910 ἴσως
1096 2864 1169 2915 γὰρ
1201 2861 1275 2901 κᾶν
1308 2861 1575 2913 ἀποτράποιτο
1609 2861 1651 2899 τὸ
1682 2859 1804 2898 ἐπιόν.
