2019 3299
1028 167 1109 210 122

288 289 523 347 Propterea
562 295 708 334 autem
751 292 865 348 quod
908 293 1016 335 satis
1049 292 1216 335 incerta
1247 297 1350 335 sunt
1380 308 1493 349 quae
1525 293 1640 349 apud
1674 292 1909 350 scriptores

229 365 495 421 posteriores
537 365 755 421 leguntur,
795 382 934 423 neque
972 382 1048 423 pro
1080 372 1198 410 certo
1231 366 1338 410 effici
1379 371 1533 423 potest,
1567 382 1672 410 num
1711 368 1911 412 carmina

229 441 304 484 illa
351 456 401 484 ex
448 441 672 498 Euripidis
721 441 986 498 tragoedii-1¹)
1033 442 1204 486 Socrati
1237 448 1338 486 ante
1371 442 1522 486 oculos
1554 443 1908 493 obversarentur,

228 516 340 559 hanc
371 516 545 573 quidem
578 517 881 573 quaestionem
900 517 1085 560 libenter
1117 518 1300 561 missam
1335 517 1536 561 facimus.

286 591 433 635 Unum
470 592 658 635 fortasse
691 597 996 649 argumentum
1031 609 1108 650 pro
1142 593 1450 650 Xenophontis
1480 593 1740 637 auctoritate
1772 609 1825 638 ex
1857 594 1909 638 iis

227 668 400 724 scriptis
441 668 757 725 posterioribus
787 668 883 712 elici
917 673 1075 726 potest,
1110 685 1168 712 sc.
1203 669 1254 712 de
1283 670 1581 713 carminibus·
1612 673 1712 712 ante
1745 669 1910 713 iudices

227 743 452 787 Socratem
494 744 687 787 locutum
730 761 840 794 esse,
885 761 997 801 quae
1039 745 1288 789 Palamedis
1322 745 1505 789 virtutes
1538 750 1579 789 et
1612 745 1908 791 innocentiam

225 820 467 863 laudarent.

285 896 413 953 Apud
447 897 674 941 Platonem
711 898 864 941 horum
900 901 1173 943 carminum
1207 900 1370 943 mentio
1402 913 1498 943 non
1535 899 1594 942 fit.

469 1122 493 1167 ᾗ
527 1122 589 1158 20.
648 1122 782 1158 PARS
811 1122 1031 1168 QUINTA3
1063 1122 1201 1168 QUAE
1233 1123 1419 1159 ABIENS
1447 1122 1673 1160 DIXERlT.

772 1283 824 1326 A.
868 1283 937 1326 De
991 1283 1359 1339 Apollodoro.

286 1400 333 1443 ln
369 1400 494 1457 Apol.
529 1401 642 1444 Xen.
677 1402 733 1445 28
764 1401 975 1458 legimus:
1009 1404 1148 1453 notorior
1180 1403 1222 1442 δέ
1248 1419 1304 1451 τις
1334 1404 1636 1454 Ἀπολλόδωρος,
1661 1402 1911 1454 ἐπιθυμητὴς

227 1476 296 1527 μὲν
339 1477 393 1517 ὣν
434 1479 600 1530 ἰσχυρῶς
633 1479 771 1530 αὐτοῦ,
801 1478 926 1526 ἄλλως
959 1476 995 1518 δ’
1031 1479 1199 1530 εὐήθης,
1229 1475 1337 1518 εἶπεν
1369 1477 1458 1529 ἄρα·
1494 1478 1602 1517 Ἀλλὰ
1633 1485 1749 1517 τοῦτο
1782 1478 1914 1531 ἔγωγε,

227 1550 256 1593 ὦ
303 1555 522 1605 Σώκρατες,
567 1555 816 1606 χαλεπώτατα
854 1554 977 1605 φέρω,
1022 1555 1078 1593 ὅτι
1120 1553 1198 1604 ὁρῶ
1232 1566 1273 1593 σε
1304 1553 1452 1601 ἀδίκως
1484 1553 1811 1609 ἀποθνῄσκοντα.
1844 1554 1912 1593 τὸν

227 1628 268 1668 δὲ
300 1629 447 1682 λέγεται
493 1631 872 1681 καταψήσαντα
920 1631 1081 1669 αὐτοῦ
1125 1629 1214 1680 τὴν
1257 1629 1491 1679 κεφαλὴν
1525 1630 1661 1668 εἰπεῖν·
1701 1630 1763 1668 Σὺ
1796 1628 1852 1680 δέ,
1882 1625 1911 1669 ὦ

225 1706 382 1753 φίλτατε
430 1706 708 1757 Ἀπολλόδωρε,
754 1709 901 1756 μᾶλλον
948 1704 997 1744 ἂν
1044 1705 1212 1757 ἐβούλου
1261 1720 1306 1754 με
1353 1703 1451 1756 ὁρᾶν
1499 1705 1661 1751 δικαίως
1708 1703 1733 1754 ἢ
1766 1703 1912 1752 ἀδίκως

226 1781 560 1836 ἀποθνῄσκοντα;
592 1781 658 1819 καὶ
689 1781 768 1832 ἅμα
800 1781 1026 1833 ἐπιγελάσαι
1049 1779 1096 1834 2).

286 1854 556 1906 Quibuscum
590 1856 857 1899 conferenda
892 1871 1005 1913 quae
1037 1855 1079 1898 in
1113 1855 1225 1899 Plat.
1259 1855 1423 1899 Phaed.
1456 1855 1569 1898 89A
1600 1854 1908 1898 inveniuntur:

226 1933 362 1984 ἔτυχον
395 1934 435 1971 ἐν
469 1936 576 1988 ὸεξιᾷ
608 1934 731 1973 αὐτοῦ
764 1934 995 1989 καθήμενος
1023 1934 1132 1984 παρὰ
1164 1933 1235 1983 τὴν
1262 1934 1402 1983 κλίνην
1428 1931 1490 1971 ἐπὶ
1522 1933 1766 1983 χαμαιζήλου
1793 1931 1912 1981 τινός,

227 2007 307 2048 ὅὸὲ
325 2008 387 2048 ἐπὶ
405 2010 506 2048 πολὺ
534 2007 933 2060 ὑψηλοτέρουῆἐγώ.
966 2008 1276 2058 καταψήσας
1309 2003 1402 2047 οὖν
1434 2023 1530 2058 μου
1558 2007 1648 2058 τὴν
1675 2005 1910 2057 κεφαλὴν

226 2084 291 2123 καὶ
323 2084 539 2135 ξυμπιέσας
571 2085 637 2131 τὰς
671 2084 734 2123 ἐπὶ
767 2092 816 2138 τῷ
849 2084 985 2136 αὐχένι
1026 2085 1156 2136 τρίχας
1216 2120 1326 2121 aja
1359 2084 1495 2122 εἰώθει
1525 2084 1611 2135 γάρ,
1643 2081 1760 2122 ὁπότε
1791 2084 1913 2134 τύχοι,

226 2162 378 2207 παίζειν
410 2176 487 2211 μου
519 2161 572 2207 εἰς
606 2160 671 2207 τὰς
704 2161 834 2211 τρίχας
1039 2159 1194 2210 Αὔριον
1228 2161 1292 2209 δή,
1327 2160 1417 2209 ἔφη,
1447 2159 1555 2209 ἴσως,
1580 2153 1610 2197 ὦ
1636 2158 1814 2208 Φαίδων,
1844 2157 1910 2204 τὰς

226 2236 346 2283 καλὰς
377 2238 520 2284 ταύτας
550 2237 674 2286 κόμας
708 2236 897 2287 ἀποκερεῖ
921 2252 954 2275 κ.
972 2252 999 2274 τ.
1019 2239 1050 2274 λ.

272 2407 295 2450 1)
324 2407 475 2448 Fabula,
512 2407 569 2441 cui
603 2419 739 2441 nomen
772 2406 1006 2445 Palamedes,
1028 2408 1179 2440 auctore
1206 2405 1533 2441 v.Wi1amowitzi0
1557 2404 1641 2439 Her.
1666 2403 1696 2438 1²
1722 2403 1786 2438 115
1809 2414 1910 2437 anno

227 2469 293 2502 415
316 2469 405 2503 data
430 2471 499 2502 est.

272 2530 295 2569 ²)
321 2529 432 2574 Apud
459 2529 564 2572 Diog.
591 2529 709 2563 Laert.
735 2528 778 2562 Il.
802 2528 846 2562 35
873 2528 943 2562 hoc
967 2539 1190 2572 responsum
1218 2526 1328 2561 datur
1352 2526 1434 2561 eius
1460 2526 1583 2560 uxori:

271 2598 321 2630 τῆς
344 2594 485 2630 γυναικὸς
509 2595 652 2630 εἰπούσης
679 2594 812 2632 ,,ὗιὸι’κως
839 2589 1083 2631 ἀποθνῃόκεις”,
1109 2593 1146 2621 σὺ
1171 2592 1217 2626 δέ,
1239 2592 1304 2629 ἔφη,
1329 2591 1453 2625 δικαίως
1476 2592 1611 2629 ἐβούλου.

272 2650 374 2692 Quae
410 2650 462 2685 sic
498 2650 596 2685 nude
632 2651 756 2694 posita
796 2650 886 2685 mihi
923 2650 1098 2684 videntur
1134 2648 1246 2683 nimis
1271 2648 1402 2682 acerbe
1429 2647 1528 2682 dicta
1552 2659 1646 2682 esse.
1671 2647 1774 2688 Quae
1799 2657 1911 2682 causa

228 2715 306 2745 erat
330 2712 430 2755 quod
456 2713 562 2745 tanta
581 2724 661 2745 cum
677 2711 815 2745 duritia
827 2710 1103 2756 responderet?
1129 2709 1240 2753 Apud
1255 2708 1548 2752 Xenophontem
1565 2707 1713 2751 quidem
1729 2707 1911 2743 acerbitas

228 2772 399 2815 responsi
423 2772 596 2815 mitigata
621 2774 679 2806 est
704 2771 826 2806 verbis
851 2777 1081 2811 καταψήσαντα
1107 2775 1202 2802 αὐτοῦ
1227 2772 1279 2809 τὴν
1304 2775 1447 2811 κεφαλήν.

273 2832 382 2875 Diog.
419 2832 537 2866 Laert.
572 2845 616 2866 ex
653 2832 727 2866 alio
767 2832 950 2876 scriptore
986 2832 1077 2866 haec
1103 2830 1279 2865 hausisse
1304 2829 1478 2869 arbitron
1504 2829 1597 2864 talia
1621 2829 1722 2864 dicta
1746 2827 1910 2864 Socratis

227 2893 424 2937 permultis
447 2893 484 2926 in
508 2899 608 2932 λόγοις
631 2892 831 2926 Socraticis
857 2892 1044 2926 celebrata
1065 2903 1167 2930 esse;
1197 2891 1296 2935 apud
1318 2889 1609 2937 Xenophontem
1634 2892 1759 2924 autem
1785 2887 1910 2932 genui-

228 2966 315 2988 num
342 2954 427 2997 legi.
