2019 3299
879 185 932 228 61

73 313 257 358 Philolai
289 312 511 356 auditores
542 310 716 354 fuerunt
738 336 788 342 -
809 310 876 353 vel
904 309 1042 353 fuisse
1070 309 1293 365 finguntur
1314 336 1362 339 —
1383 308 1584 352 dubitant
1601 312 1743 351 utrum

75 390 222 435 anima
267 394 365 445 post
412 394 593 431 mortem
640 387 782 430 adhuc
823 386 877 428 sit
918 401 1066 429 annon
1109 385 1187 427 sit:
1226 386 1281 429 70
1299 386 1350 427 A.
1385 385 1519 428 Plane
1552 383 1746 440 hospites

75 469 175 508 sunt
206 463 247 507 il]
281 464 356 507 illa
373 463 590 507 doctrina!
626 463 681 506 70
700 462 749 505 B.
778 464 896 515 ε”γωγε
924 458 1103 512 οὗν,ἒ’φη
1123 461 1141 500 ὁ
1162 460 1449 511 Κέβηςῃῇὸέως
1467 461 1515 499 ἂν
1534 461 1747 507 ἀκούσαιμι

74 543 211 594 ἥντινα
258 543 378 589 δόξαν
426 542 521 592 ἔχεις
562 542 647 590 περὶ
690 541 832 579 αὐτῶν.
880 537 1055 581 Phaedo
1098 537 1154 579 86
1202 536 1412 580 Simmias
1454 539 1620 580 contra
1664 537 1747 576 im-

74 618 408 660 mortalitatem
447 617 603 658 autimi
644 613 851 670 disputat,
896 612 999 655 item
1045 612 1185 655 Cebes
1217 612 1340 654 8813.
1377 612 1476 654 Non
1511 624 1748 667 possumus

74 691 203 747 igitur
246 689 476 745 astipulari
523 689 716 745 Tayloro
763 687 836 744 qui
878 688 1058 730 iuvenes
1100 687 1198 729 illos
1236 686 1474 729 Thebanos
1511 689 1749 728 sectatores

75 765 177 809 facit
223 765 443 807 doctrinae
487 764 878 821 Pythagoreorum.
928 762 1082 818 Neque
1124 761 1334 803 circulum
1377 761 1632 807 amicorum,
1676 757 1749 814 qui

72 840 320 889 adfuerunt,
353 840 652 896 Pythagoreos
686 839 841 882 habeo.
871 837 970 880 Non
1006 836 1328 885 Antisthenem,
1361 850 1486 892 quem
1524 838 1748 890 perlotam

74 914 411 971 disputationem
455 919 596 957 tacere
637 918 789 957 contra
821 913 948 955 fidem
983 911 1232 955 Phaedonis
1267 915 1369 967 puto
1402 910 1558 953 debere
1592 909 1750 952 valere.

76 981 215 1047 neque
247 990 515 1033 Critobulum
552 1006 690 1046 neque
722 988 1035 1046 Apollodorum
1070 1003 1210 1044 neque
1244 985 1514 1042 Aristippum
1543 985 1615 1042 qui
1644 985 1752 1027 forte

76 1080 251 1123 peregre
283 1065 447 1115 aberat,
482 1080 620 1122 neque
652 1064 775 1108 alios.
810 1064 931 1114 Quos
964 1078 1117 1106 omnes
1150 1062 1344 1105 eiusdem
1378 1061 1599 1104 doctrinae
1617 1059 1752 1102 fuisse

78 1141 182 1184 mire
214 1141 471 1184 contendere
504 1130 673 1182 yidetur
706 1139 883 1195 Taylor.
914 1139 964 1182 V.
994 1138 1038 1181 S.
1074 1140 1124 1180 18
1154 1137 1218 1190 (ln
1247 1138 1318 1179 the
1346 1136 1522 1179 Phaedo
1550 1136 1753 1178 Socrates

77 1216 113 1259 is
144 1217 216 1259 the
247 1216 412 1259 central
445 1215 580 1271 figure
618 1214 665 1257 of
693 1230 719 1257 a
750 1230 888 1271 group
923 1213 969 1256 of
997 1212 1265 1255 likeminded
1301 1212 1511 1267 persons).

136 1367 368 1410 Praeterea
398 1366 440 1408 in
465 1358 639 1408 Critone
656 1365 712 1408 45
732 1365 782 1407 Α.
805 1365 851 1408 Β.
880 1364 1066 1419 legimus
1094 1363 1325 1406 Simmiam
1353 1362 1580 1416 pecuniam
1606 1376 1752 1404 secum

77 1442 243 1485 tulisse.
276 1442 440 1498 Taylor
473 1457 569 1497 pag.
603 1441 659 1484 20
692 1441 773 1483 hoc
806 1440 968 1483 factum
1000 1440 1059 1482 ita
1086 1439 1394 1494 interpretatur
1423 1442 1467 1480 ut
1492 1436 1755 1493 Pythagorei

77 1517 277 1561 Thebani
331 1517 487 1573 stipem
526 1516 780 1571 coll-egerint
828 1515 1022 1558 Socratis
1069 1513 1310 1557 redimendi
1357 1528 1502 1556 causa
1557 1511 1756 1554 Vidimus

78 1593 259 1636 iuvenes
300 1593 538 1637 Thebanos
570 1598 721 1636 contra
753 1592 992 1635 doctrinam
1030 1592 1148 1635 illam
1184 1591 1422 1645 disputare,
1456 1589 1758 1646 Pythagoreos

79 1669 208 1725 igitur
249 1685 333 1712 non
377 1686 507 1727 posse
548 1669 773 1726 appellari.
814 1669 969 1726 Neque
1014 1684 1114 1711 vero
1158 1673 1269 1711 recle
1313 1667 1561 1722 intellegere
1594 1664 1759 1720 Taylor

80 1745 248 1788 videtur
283 1745 425 1788 locum
465 1750 676 1788 nostrum.
711 1745 772 1787 De
805 1744 916 1800 stipe
949 1743 1197 1799 colligenda
1230 1742 1297 1785 vel
1330 1742 1514 1784 collecta
1545 1756 1599 1782 ne
1632 1739 1758 1781 vesti-

78 1820 195 1876 gium
229 1821 402 1878 quidem
436 1821 701 1864 invenimus.
736 1819 1051 1877 Unusquisque
1086 1835 1162 1874 pro
1195 1834 1241 1861 se
1274 1817 1392 1873 loqui
1413 1816 1597 1869 videtur,
1631 1829 1755 1857 suam

80 1896 306 1952 pecuniam
349 1896 550 1939 attulisse
595 1896 661 1938 vel
694 1896 848 1938 offerre
890 1900 1070 1951 paratus
1113 1909 1223 1936 esse.
1268 1892 1439 1935 Etenim
1480 1891 1516 1934 si
1550 1889 1758 1934 Simmias

78 1971 328 2027 loqueretur
360 1987 436 2028 pro
472 1971 677 2013 omnibus
710 1970 998 2027 Pythagoreis
1030 1968 1257 2011 Thebanis
1291 1973 1330 2009 et
1364 1982 1513 2009 eorum
1549 1966 1757 2009 mandatu

78 2045 305 2101 pecuniam
339 2040 526 2095 afferret,
554 2046 877 2089 subabsurdum
911 2049 1027 2087 esset
1056 2043 1320 2099 subiungere
1349 2042 1551 2085 Cebetem
1580 2041 1633 2084 ad
1662 2056 1762 2083 ean·

81 2121 176 2164 dem
220 2137 306 2164 rem
352 2128 551 2178 paratum
595 2137 706 2164 esse.
752 2121 965 2164 Videntur
1007 2119 1066 2163 illi
1111 2119 1293 2162 iuvenes
1334 2123 1374 2161 et
1407 2117 1534 2161 amici
1567 2115 1762 2160 Socratis

68 2197 188 2240 'salis
226 2197 383 2240 divites
416 2198 553 2239 luisse
584 2197 703 2250 (ξένοι
735 2193 785 2236 οὗ
819 2214 875 2236 τοι
909 2197 1056 2235 ἐνθάδε
1090 2196 1237 2246 ἑτοῖμοι
1269 2195 1590 2234 ἀναλίσκειν
1622 2230 1628 2232 ,,
1653 2230 1660 2231 6
1743 2229 1758 2230 s

80 2273 231 2323 ἑτοῖμος
264 2272 305 2313 ὸὲ
344 2273 408 2312 καὶ
451 2273 582 2324 Κέβης
628 2272 693 2311 καὶ
734 2272 843 2311 ἄλλοι
889 2272 1023 2310 πολλοὶ
1067 2270 1203 2321 πάνυ),
1245 2269 1355 2312 Sicut
1394 2268 1485 2324 ipse
1519 2267 1665 2310 Crilon
1699 2267 1762 2321 (τὰ

81 2348 152 2398 ἐμὰ
184 2349 372 2399 χρήματα,
403 2347 453 2394 ὡς
487 2348 560 2399 ἐγὼ
587 2345 710 2398 οἶμαι,
742 2346 900 2396 ἱκανοί).

143 2423 224 2466 His
265 2422 536 2479 argumentis
576 2422 712 2465 fretus
744 2421 909 2478 Taylor
940 2421 1023 2463 sibi
1057 2420 1149 2463 iure
1184 2420 1354 2462 videtur
1386 2423 1538 2475 putare
1566 2416 1760 2472 impieta·

81 2503 166 2542 tem
208 2498 404 2542 Socratis
445 2497 552 2540 nihil
592 2497 711 2540 aliud
756 2513 854 2540 esse
885 2501 1016 2553 atque
1049 2496 1302 2538 societatem
1338 2510 1436 2537 cum
1475 2491 1762 2549 Pythagoreis

84 2573 133 2617 V.
157 2574 201 2617 S.
221 2574 290 2617 22.
325 2573 377 2616 Et
410 2572 445 2615 si
478 2572 722 2628 interrogas
756 2571 895 2614 virum
929 2572 1103 2613 doctum
1139 2570 1252 2613 unde
1286 2569 1376 2612 fieri
1411 2567 1600 2625 potuerit
1636 2572 1682 2609 ut
1719 2567 1760 2609 in

81 2649 298 2705 Apologia
330 2649 453 2692 nulla
484 2648 705 2692 sententia
737 2664 759 2691 e
792 2648 942 2691 schola
978 2648 1352 2704 Pythagoreorum
1378 2646 1561 2701 legatur,
1586 2659 1763 2700 respon-

82 2724 251 2767 debitur
292 2724 367 2767 tibi
410 2731 671 2780 argumenta
711 2723 871 2780 quibus
917 2724 1023 2766 haec
1069 2722 1223 2777 religio
1262 2721 1427 2764 nitatur
1458 2724 1636 2763 servata
1668 2734 1764 2761 esse

82 2799 246 2842 intimis
288 2800 373 2843 illis
414 2800 567 2843 amicis
605 2799 679 2856 qui
722 2800 762 2842 in
805 2814 976 2842 carcere
1013 2813 1110 2841 cum
1151 2798 1331 2840 Socrate
1369 2796 1762 2851 congregabantur.

86 2875 200 2919 V.S.
249 2890 347 2932 pag.
393 2877 470 2918 31:
522 2875 581 2918 Of
625 2876 695 2918 the
743 2874 936 2930 grounds
988 2873 1054 2916 for
1095 2873 1166 2915 the
1203 2872 1310 2915 laith
1338 2872 1433 2915 that
1472 2887 1564 2914 was
1598 2871 1638 2913 in
1675 2869 1762 2911 him

85 2949 289 2993 Socrates
331 2950 457 2993 could
501 2950 723 3006 naturally
765 2964 843 3005 say
884 2948 1065 3003 nothing
1099 2953 1140 2990 to
1174 2948 1246 2990 the
1279 2947 1520 3002 dicastery;
1556 2945 1657 3000 they
1691 2959 1764 2986 are
