2019 3299
1039 162 1094 203 58

284 286 408 330 Unde
443 285 575 341 igitur
610 285 774 328 factum
809 289 874 327 est
907 288 952 327 ut
986 283 1028 326 hi
1063 288 1149 326 tres
1183 299 1308 339 reges
1343 284 1383 326 in
1413 283 1631 339 Apologia
1655 298 1912 326 commemo-

224 362 462 405 rarentur?
511 361 682 416 Nempe
730 360 959 415 Odysseus
1009 364 1050 401 et
1098 359 1319 416 Sisyphus
1367 359 1568 402 sollertes
1615 358 1913 407 habebantur;

224 439 530 493 Agamemnon
565 435 761 478 omnium
795 451 943 490 regum
979 434 1178 491 princeps
1211 438 1317 477 erat.

287 513 342 556 Ut
392 513 503 555 hanc
551 515 719 568 partem
770 515 946 553 nostrae
1003 509 1314 566 disputationis
1362 508 1664 558 absolvamus,
1712 509 1916 552 Socrates

226 574 376 644 utiqiie
424 586 526 629 huic
573 585 796 629 doctrinae
844 585 1017 628 deditus
1064 600 1151 627 non
1200 590 1307 633 erat,
1352 600 1491 641 neque
1533 584 1738 627 Socrates
1780 588 1916 627 muta-

227 669 296 705 tus
344 667 408 705 est
452 677 505 705 ex
549 678 598 704 eo
639 661 737 704 inde
786 666 981 717 tempore
1030 676 1115 717 quo
1162 675 1298 703 causa
1345 659 1512 709 cecidit,
1559 659 1634 702 sed
1668 658 1803 703 Plato
1834 662 1918 715 qui

220 753 310 794 pro
355 754 406 783 re
451 740 585 790 natas,
631 740 699 780 vel
741 740 793 780 ut
830 738 1087 791 pulchrum
1114 750 1234 790 opus
1260 737 1524 790 componat,
1551 749 1917 790 nonnumquam

225 818 281 858 de
337 816 499 857 eadem
555 815 845 869 quaestione,
904 814 999 855 allo
1057 811 1169 855 loco‘
1197 813 1350 864 aliter,
1398 811 1639 854 Socratem
1685 813 1917 854 disseren-

226 893 315 934 tem
356 891 543 933 inducit
586 891 626 932 et
670 889 803 931 nobis
835 901 941 942 ergo
973 900 1070 930 uon
1102 889 1267 930 auctor
1300 889 1366 930 est
1400 889 1478 930 cui
1511 888 1616 929 sine
1648 887 1919 939 acceptioue

227 968 493 1010 credamus.

286 1116 431 1164 Aliud,
475 1131 560 1157 non
606 1119 753 1158 autem
798 1114 899 1156 hinc
933 1113 1141 1162 alienum,
1176 1113 1258 1156 hoc
1290 1117 1370 1160 est,
1404 1113 1518 1169 quod
1555 1112 1792 1155 nonnullae
1822 1127 1918 1155 sen-

226 1192 387 1235 tentiae
435 1192 476 1233 in
526 1190 653 1246 Apol.
704 1190 815 1232 Plat.
865 1205 951 1231 non
1001 1188 1164 1245 optime
1198 1188 1449 1231 cohaerent.
1484 1187 1609 1244 Apol.
1643 1187 1701 1231 40
1719 1187 1769 1231 B.
1803 1203 1920 1230 mors

227 1269 389 1310 honum
437 1271 515 1312 est.
559 1282 645 1309 non
688 1265 834 1308 solum
868 1264 1042 1308 Socrati>
1072 1264 1147 1307 sed
1182 1264 1314 1307 etiam
1349 1263 1586 1320 unicuique
1620 1262 1812 1306 homini:
1845 1265 1920 1304 οὐκ

226 1343 311 1383 ἔσθ’
365 1345 471 1391 ὅντως
517 1342 629 1394 [ἡμεῖς
678 1342 810 1392 ὀρθῶς
854 1342 1206 1393 ὑπολαμβάνομεν,
1249 1342 1335 1380 ὅσοι
1378 1343 1547 1391 οἰόμεθα
1590 1341 1715 1379 κακὸν
1747 1337 1847 1379 εἶναι
1877 1340 1919 1379 τὸ

226 1421 429 1459 τεθνάναι.
462 1417 519 1461 At
552 1417 652 1461 aliis
685 1417 792 1460 locis
827 1432 943 1460 mors
979 1415 1150 1459 videtur
1182 1431 1280 1459 esse
1313 1416 1493 1465 malum,
1526 1419 1567 1458 et
1598 1414 1918 1465 Socrati‚38E.

226 1495 339 1534 ἕνεκα
385 1502 454 1535 τοῦ
502 1496 698 1534 κινδύνου
745 1497 891 1546 πρᾶξαι
937 1492 1057 1533 οὐδὲν
1104 1493 1373 1543 ἀνελεύθερον
1416 1523 1575 1538 ‚ew-W..
1623 1494 1724 1532 πολὺ
1772 1496 1920 1542 μᾶλλον

226 1572 418 1621 αἱροῦμαι
445 1567 520 1610 ὦδε
553 1570 904 1622 ἀπολογησάμενος
943 1571 1138 1609 τεθνάναι
1171 1569 1196 1621 ἢ
1229 1569 1386 1615 ἐκείνως
1420 1571 1501 1619 ζῆν.
1531 1567 1564 1609 Ε
1594 1566 1766 1610 duobus
1795 1565 1922 1610 malis

226 1645 500 1688 levissimum
534 1650 573 1688 et
609 1644 971 1688 honestissimum
1006 1643 1140 1700 eligit.
1175 1643 1424 1687 Periculum
1460 1647 1525 1686 est
1557 1647 1719 1686 tamen.

288 1721 435 1777 Pergit
464 1721 620 1764 deinde
654 1721 956 1764 demonstrare
991 1725 1190 1769 mortem,
1225 1724 1375 1776 utpote
1410 1719 1589 1769 malum,
1624 1717 1921 1774 effugiendum

228 1812 339 1846 esse,
374 1813 460 1839 non
494 1802 640 1840 autem
677 1797 1004 1853 quoquomodo

286 1872 403 1915 Alibi
435 1873 559 1922 2913,
592 1873 647 1916 37
668 1872 717 1922 Β,
751 1873 885 1915 nescit
922 1877 1065 1915 utrum
1100 1872 1265 1915 malum
1294 1888 1349 1915 an
1384 1872 1545 1915 bonum
1582 1886 1699 1914 mors
1731 1870 1802 1913 sit.

287 1948 452 1991 Contra
486 1948 543 1991 40
562 1948 608 1992 C.
651 1949 748 2002 μέγα
787 1951 994 2000 τεκμήριον
1027 1952 1344 1991 commemorat
1377 1952 1418 1991 et
1450 1953 1677 1991 asseverat
1710 1961 1795 1989 non
1830 1944 1921 1988 fieri

230 2024 424 2079 potuisse
466 2024 570 2080 quin
615 2026 676 2070 (οὐ
717 2026 791 2077 γὰρ
825 2023 912 2064 ἔσθ’
951 2026 1071 2077 ὅπως)
1104 2023 1386 2073 daemonium
1421 2023 1702 2066 dehortatum
1736 2026 1853 2064 esset
1885 2020 1921 2063 si

229 2114 347 2141 mors
381 2115 465 2142 non
501 2100 662 2142 bonum
699 2104 827 2143 esset.
958 2108 961 2109 ’

288 2249 522 2293 Praeterea
568 2249 790 2292 Critonem
838 2255 877 2292 et
924 2250 1206 2292 Phaedonem
1263 2249 1374 2291 inter
1432 2266 1478 2291 se
1527 2249 1774 2305 discrepare
1821 2246 1920 2289 inde

229 2329 410 2381 apparet
440 2325 569 2381 quod,
604 2325 786 2381 pulchra
818 2325 1032 2367 moriendi
1066 2325 1296 2368 occasione
1329 2324 1491 2374 oblata,
1526 2323 1650 2367 Plato
1679 2324 1721 2366 in
1746 2322 1921 2366 Critone

231 2416 315 2442 non
380 2399 484 2442 illud
542 2400 755 2443 moriendi
813 2400 1024 2449 studium,
1084 2415 1105 2442 e
1159 2400 1395 2442 Phaedone
1444 2398 1573 2442 nohis
1622 2397 1920 2446 notissimum,

229 2481 439 2532 tanquam
488 2491 668 2519 causam
718 2476 893 2534 profert,
938 2491 1072 2532 quare
1115 2476 1327 2531 aulugere
1371 2474 1492 2524 nolit,
1536 2475 1611 2517 sed
1654 2474 1789 2517 aliam
1831 2473 1919 2530 pul-

228 2552 377 2594 chram
434 2551 681 2594 suasoriam
735 2551 1010 2607 conscripsit,
1071 2556 1111 2593 et
1161 2550 1389 2594 Socratem
1438 2550 1489 2593 de
1539 2549 1707 2593 iustitia
1753 2548 1918 2605 magni-

230 2626 310 2669 fice
357 2626 460 2669 facit
504 2626 827 2682 disputantem3
878 2626 1035 2669 deinde
1083 2626 1199 2683 quod
1248 2626 1289 2668 iu
1340 2626 1575 2669 Phaedone
1623 2624 1742 2668 Crito
1791 2639 1918 2681 spon-

231 2702 354 2744 sione
405 2718 452 2744 se
498 2701 731 2744 obstrinxit
780 2717 865 2744 non
914 2701 1154 2758 fugiturum
1205 2717 1301 2744 esse
1351 2701 1592 2750 Socratem,
1642 2700 1684 2743 in
1743 2699 1919 2742 Critone

184 2818 187 2819 γ
230 2782 375 2819 autem
434 2776 600 2819 Critoni
658 2792 743 2819 non
804 2777 1091 2833 exprobratur
1141 2792 1239 2819 eum
1290 2777 1517 2820 suadendo
1565 2781 1718 2820 contra
1762 2776 1830 2819 fas
1878 2781 1918 2819 et

231 2852 298 2895 ius
335 2867 477 2907 agere,
512 2852 627 2908 quod
661 2857 969 2907 argumentum
1003 2867 1025 2894 e
1059 2851 1233 2894 silentio
1267 2852 1336 2894 hic
1369 2867 1543 2909 quoque
1575 2851 1740 2908 aliquid
1773 2851 1918 2894 valere

234 2927 413 2970 videtur.

2002 0 2019 58 Ἀ-..α
