2019 3299
918 185 997 228 109

159 309 208 352 In
256 309 573 366 Euthyphrone
620 307 728 357 3C.,
775 308 848 351 ubi
895 307 989 351 eius
1035 307 1257 350 accusatio
1290 305 1531 362 respicitur,
1566 306 1772 361 legimus:

98 387 320 437 Ἀθηναίοις
365 388 437 437 γάρ
485 400 542 423 τοι
589 384 636 423 οὐ
679 385 836 434 σφόδρα
869 384 986 433 με’λει,
1017 382 1066 421 ἅν
1099 399 1186 421 τινα
1219 384 1352 421 δεινὸν
1384 383 1544 422 οἴωνται
1576 382 1691 431 εἴναι,
1722 382 1774 431 μὴ

96 461 227 512 μέντοι
259 459 639 499 διδασκαλικὸν
672 465 739 509 τῆς
772 459 898 497 αὑτοῦ
932 459 1087 507 σοφίας.
1121 456 1167 496 ὃν
1201 456 1235 496 δ’
1273 457 1322 495 ἂν
1354 459 1418 496 καὶ
1447 456 1591 503 ἄλλους
1616 457 1777 496 οἴωνται

95 540 222 574 ποιεῖν
268 536 487 584 τοιούτους,
531 538 780 584 θυμοῦνταις
828 532 983 575 deinde
1030 532 1162 588 paulo
1201 537 1321 589 post:
1357 533 1470 580 Ἴσως
1507 533 1582 584 γὰρ
1624 534 1672 572 σὺ
1706 532 1777 583 μὲν

97 612 224 657 δοκεῖς
269 611 439 649 σπάνιον
485 609 650 648 σεαυτὸν
696 608 942 660 παρέχειν
983 608 1050 647 καὶ
1098 609 1372 647 διδάσκειν
1416 609 1489 647 οὐκ
1522 608 1674 648 ἐθέλειν
1706 609 1777 659 τὴν

95 692 262 724 σεαυτοῦ
310 686 470 735 σοφίαν·
516 684 589 736 ἐγὼ
637 683 678 723 δὲ
719 685 925 734 φοβοῦμαι
967 683 1020 733 μὴ
1052 683 1130 723 ὑπὸ
1163 685 1471 733 φιλανθρωπίας
1508 685 1611 723 δοκῶ
1644 684 1779 731 αὐτοῖς

100 760 156 799 ὅτι
187 775 258 810 περ
291 759 364 811 ἐγὼ
395 759 661 810 ἐκκεχυμένως
692 758 812 797 παντὶ
845 758 960 807 ἀνδρὶ
993 758 1117 809 λέγειν
1150 774 1182 796 κ.
1201 774 1230 796 τ.
1248 762 1279 796 λ.

156 833 268 877 Illud
314 834 334 873 ὅ
380 835 416 872 τί
459 848 530 884 περ
577 833 647 884 ἔχω
695 831 1045 888 componendum
1097 847 1194 874 cum
1243 831 1357 874 Xen.
1405 831 1535 875 Mem.
1570 832 1600 875 I.
1633 833 1675 875 6.
1712 832 1777 875 14.

100 911 247 962 ἥδομαι
276 910 406 959 φίλοις
437 908 607 961 ἀγαθοῖς
639 909 704 947 καὶ
737 908 805 948 ε’άν
837 925 868 947 τι
902 909 972 960 ἔχω
1006 908 1180 960 ἀγαθόν,
1221 910 1465 947 διδάσκω.

159 983 327 1027 Similis
371 982 493 1025 locus
540 981 583 1024 in
632 981 799 1038 Gorgia
844 982 1018 1038 dialogo
1058 981 1279 1030 457BC.‚
1325 982 1399 1025 ubi
1432 982 1526 1025 eius
1555 982 1779 1026 damnatio

100 1059 255 1116 respici
303 1057 493 1102 Videtur:
542 1058 609 1097 τὸν
658 1054 731 1098 οὖν
779 1059 852 1097 οὐκ
900 1058 1032 1108 ὀρθῶς
1079 1060 1281 1109 χρώμενον
1329 1063 1457 1108 μισεῖν
1513 1060 1670 1098 δίκαιον
1716 1060 1783 1098 καὶ

101 1134 304 1186 ἐκβάλλειν
347 1133 413 1172 καὶ
455 1133 760 1182 ἀποκτιννύναι,
795 1130 872 1171 ἀλλ’
918 1133 965 1172 οὐ
1010 1134 1095 1172 τὸν
1138 1134 1437 1181 διδάξαντα.
1471 1132 1605 1176 Hisce
1640 1133 1782 1176 Verbis

101 1208 299 1266 suspicor
329 1206 601 1250 Alcibiadem
636 1211 676 1249 et
709 1206 887 1250 Critiam
921 1206 1174 1263 significari,
1209 1206 1263 1250 cf.
1296 1206 1408 1250 Xen.
1442 1207 1633 1251 Memet
1655 1208 1782 1265 Apol.

101 1284 209 1327 Plat.
242 1285 298 1327 33
318 1283 365 1333 Β,
400 1283 473 1326 ubi
507 1284 613 1327 haec
639 1283 756 1327 falsa
787 1288 827 1326 et
845 1299 1053 1341 perversa
1069 1283 1344 1327 ratiocinatio
1362 1283 1530 1340 legitur,
1550 1286 1616 1325 καὶ
1632 1290 1783 1326 τούτων

104 1361 177 1413 ἐγὼ
222 1361 294 1400 εἴτε
340 1376 395 1407 τις
436 1361 600 1412 χρηστὸς
632 1362 807 1412 γίγνεται
839 1362 912 1400 εἴτε
944 1361 1016 1411 μή,
1043 1361 1117 1400 οὐκ
1148 1359 1197 1399 ἂν
1231 1362 1393 1408 δικαίως
1425 1361 1495 1411 τὴν
1529 1362 1658 1400 αἰτίαν
1691 1362 1784 1401 ὑπέ-

103 1452 222 1487 χοιμι,
252 1431 307 1475 ὧν
338 1436 433 1486 μήτε
463 1435 692 1486 ὑπεσχόμην
725 1435 866 1486 μηδενὶ
898 1434 1023 1487 μηδὲν
1055 1437 1212 1475 πώποτε
1250 1438 1420 1486 μάθημα
1444 1437 1537 1486 μήτε
1568 1436 1741 1484 ἐδίδαξα.

162 1509 388 1553 Postremo
436 1524 488 1552 ex
534 1509 715 1552 Platone
764 1509 963 1553 nonnulli
1006 1509 1088 1553 loci
1132 1525 1182 1552 ex
1215 1509 1456 1559 Alcibiade,
1489 1510 1575 1554 iam
1608 1511 1786 1568 saepius

102 1585 282 1634 laudati,
329 1584 539 1629 afferendi
581 1589 696 1631 sunt,
732 1601 753 1628 e
786 1585 947 1642 quibus
981 1585 1186 1628 novimus
1218 1590 1353 1628 totam
1393 1585 1511 1629 illam
1544 1586 1783 1629 amicorum

103 1660 422 1705 institutionem
451 1661 630 1704 deorum
658 1661 797 1705 tutela
816 1661 923 1709 fieri,
942 1662 1082 1705 Alcib.
1104 1662 1185 1706 105
1204 1661 1248 1709 Ε,
1266 1662 1349 1705 124
1362 1662 1409 1705 Β.
1429 1663 1489 1709 C.,
1512 1663 1584 1706 ubi
1605 1663 1784 1707 verbum

104 1739 377 1790 παιδευθῆναι
436 1738 595 1795 legitur
621 1739 672 1782 de
700 1744 853 1782 mutua
880 1738 1168 1788 institutione,
1198 1739 1298 1782 item
1336 1740 1413 1782 135
1431 1739 1480 1781 D.
1506 1741 1552 1780 οὐ
1580 1741 1653 1793 γὰρ
1680 1742 1786 1780 ἔστιν

106 1813 211 1861 ὅπως
257 1815 303 1853 οὐ
351 1816 730 1867 παιδαγωγήσω
774 1829 814 1854 σε
857 1815 935 1855 ἀπὸ
977 1817 1095 1866 τῆσδε
1137 1822 1204 1866 τῆς
1236 1814 1398 1865 ἡμέρας,
1431 1817 1478 1855 σὺ
1514 1814 1546 1854 δ’
1586 1814 1650 1854 ὑπ’
1689 1816 1785 1865 ἐμοῦ

105 1890 510 1942 παιδαγωγήσει.

166 1967 336 2005 Παιδεία
368 1969 461 2009 erat
493 1980 626 2023 quam
655 1965 738 2009 sibi
766 1971 807 2009 et
831 1965 984 2010 amicis
1008 1965 1228 2023 quaesivit
1246 1966 1541 2009 sermonibus.
1560 1965 1606 2008 In
1626 1965 1788 2022 Gorgia

105 2054 203 2096 pag.
249 2039 336 2085 470
354 2040 402 2082 E.
451 2041 503 2084 de
541 2056 701 2097 magno
742 2056 842 2097 rege
886 2041 1133 2092 Persarum,
1180 2047 1323 2086 utrum
1360 2042 1516 2086 beatus
1549 2042 1604 2085 sit
1637 2058 1787 2091 necne,

107 2115 272 2159 nescire
318 2132 365 2159 se
410 2116 661 2160 confitetur:
710 2118 758 2158 οὐ
805 2118 879 2170 γὰρ
928 2115 1020 2158 οἶδα
1067 2121 1316 2166 παιδείας
1365 2120 1471 2166 ὅπως
1518 2120 1615 2170 ἔχεις
1662 2123 1702 2161 et
1743 2118 1786 2161 in

105 2190 337 2234 Phaedone
387 2192 466 2237 107
487 2193 536 2236 D.
582 2192 732 2236 anima
778 2193 831 2236 ad
863 2192 1027 2236 inferos
1061 2193 1324 2237 descendere
1356 2193 1512 2237 dicitur
1543 2194 1662 2234 οὐδὲν
1693 2195 1786 2234 ἄλλο

106 2268 247 2318 ἔχουσα
279 2268 382 2319 πλὴν
413 2276 498 2319 τῆς
530 2269 776 2316 παιδείας
811 2284 847 2308 τε
880 2270 944 2308 καὶ
976 2277 1137 2321 τροφῆς.
1168 2268 1220 2311 Et
1248 2284 1274 2312 a
1302 2268 1482 2312 Socrate
1501 2268 1787 2312 etaPlatOne

105 2342 321 2386 institutio
351 2358 573 2386 summum
606 2342 858 2386 hominibus
891 2343 1052 2387 bonum
1085 2344 1237 2387 habita
1268 2359 1365 2387 esse
1398 2344 1581 2387 videtur.

166 2418 228 2461 De
260 2417 440 2461 Socrate
472 2419 802 2473 Xenophonteo
839 2419 1022 2462 iuvenes
1061 2420 1274 2462 educante
1312 2419 1617 2463 conferantur:
1658 2419 1787 2462 Mem.

107 2493 140 2536 Ι.
186 2493 223 2536 1.
275 2494 340 2537 10.
389 2495 491 2547 ἔλεγε
535 2494 606 2545 μὲν
652 2495 703 2542 ὡς
750 2496 792 2534 τὸ
838 2498 954 2545 πολύ,
996 2500 1075 2542 τοῖς
1118 2494 1159 2534 δὲ
1197 2496 1458 2547 βουλομένοις
1491 2495 1583 2547 ἐξῆν
1615 2496 1789 2535 ἀκούειν.

106 2568 138 2611 Ι.
189 2569 225 2612 1.
276 2569 342 2612 16.
389 2570 508 2617 αὐτὸς
555 2569 597 2609 δὲ
643 2570 730 2622 περὶ
776 2578 855 2610 τῶν
903 2571 1174 2621 ἀνθρωπίνων
1225 2571 1285 2610 ἀεὶ
1328 2571 1519 2623 διελέγετο
1553 2579 1726 2622 σκοπῶν,
1756 2573 1792 2610 τί

106 2645 264 2695 εὐσεβές
294 2661 327 2683 κ.
346 2661 376 2684 τ.
393 2649 423 2684 λ.

165 2719 273 2762 Eius
315 2719 448 2763 verba
492 2719 634 2768 factis,
681 2720 858 2777 optimis
896 2720 1183 2776 argumentis,
1218 2720 1494 2765 illustrantur
1526 2720 1558 2764 I.
1592 2722 1632 2764 2.
1665 2722 1704 2772 3,
1739 2730 1788 2776 τῷ

107 2796 280 2845 φανερὸς
312 2793 413 2834 εἶναι
443 2803 620 2843 τοιοῦτος
653 2797 708 2835 ὤν
740 2813 773 2835 κ.
792 2814 819 2835 τ.
839 2801 870 2835 λ.

165 2869 426 2926 Disputandi
452 2870 648 2913 omnium
677 2870 970 2926 peritissimus
998 2875 1088 2914 erat
1114 2870 1145 2914 Ι.
1174 2871 1214 2914 2.
1236 2871 1302 2920 15,
1330 2877 1408 2920 τοῖς
1432 2871 1473 2911 δὲ
1492 2873 1789 2925 διαλεγομένοις

107 2947 211 3001 αὐτῷ
241 2954 336 2985 πᾶσι
367 2947 570 2997 χρώμενον
604 2947 644 2985 ἐν
678 2951 757 2993 τοῖς
789 2948 919 2999 λόγοις
953 2947 1060 2994 ὅπως
1092 2949 1293 3003 βούλοιτο,
1317 2951 1584 3003 quapropter
1608 2946 1790 2989 iuvenes
