2019 3299
1014 195 1097 236 156

273 317 329 359 At
364 317 489 359 nobis
522 316 623 373 quid
660 317 942 360 faciendum?

272 393 318 436 In
338 393 591 435 universum
613 393 930 449 penetrandum
949 397 1014 436 est
1029 393 1145 435 intra
1162 392 1359 435 Platonis
1375 394 1578 437 Mentem
1597 397 1636 436 et
1650 394 1894 442 Animum,

213 474 253 510 et
300 468 653 526 investigandum
700 484 919 526 quaenam
962 469 1003 512 in
1049 468 1157 525 ipsis
1199 468 1331 524 agris,
1373 468 1574 517 saltibus,
1608 468 1733 512 silvis
1764 469 1896 513 huius

212 544 409 588 Platonis
451 546 599 588 Animi
644 551 747 589 nata
789 545 814 588 i.
835 562 869 588 e.
903 547 1207 598 αὐτόχθονα
1239 545 1339 594 sint,
1372 560 1590 602 quaenam
1624 561 1646 588 e
1677 545 1896 589 contrario

211 620 387 663 aliunde
433 620 779 676 innnigraverint
826 620 852 663 i.
872 636 907 663 e.
950 621 1183 672 ἐπήλυδα
1224 621 1326 664 sint.
1368 620 1490 671 Quae
1532 620 1814 677 investigatio
1856 625 1897 665 et

212 696 466 752 exploratio.
509 697 745 739 admodum
789 696 971 746 lubrica,
1015 711 1177 753 magna
1209 712 1261 739 ex
1293 701 1416 753 parte
1450 696 1676 739 hominum
1713 696 1825 740 vires
1855 701 1897 740 et

211 772 442 815 facultates
489 779 681 829 superat.
730 772 807 821 Est
854 772 968 815 enim
1014 772 1169 828 partini
1213 772 1445 816 coniuncta
1486 787 1583 814 cum
1630 771 1897 816 difficillimis

211 847 369 891 studiis
417 848 754 904 psychologicis.
802 847 1032 898 Quatenus
1081 853 1226 891 autem
1269 847 1433 904 aliquid
1474 847 1681 903 proficere
1712 853 1898 905 possunt

214 923 291 966 viri
329 923 455 971 docti,
492 923 699 966 omnibus
733 923 899 966 viribus
933 923 974 966 in
1010 924 1119 967 haec
1151 923 1297 967 studia
1327 923 1668 966 incumbendum
1701 928 1782 974 est,
1817 924 1898 967 etsi

210 999 337 1042 nobis
386 999 603 1056 praesidia
650 1005 689 1042 et
733 999 1030 1042 instrumenta
1070 999 1229 1056 quibus
1271 999 1323 1043 ad
1362 998 1635 1056 propositum
1668 998 1898 1055 pervenire

210 1075 440 1131 cupiamus
473 1075 582 1118 satis
615 1080 789 1131 praesto
823 1091 908 1118 non
929 1080 1044 1118 sunt.
1075 1075 1182 1118 Eam
1212 1075 1267 1118 ob
1296 1090 1476 1118 causam
1497 1075 1704 1118 Veterum
1724 1090 1898 1131 quoque

210 1151 468 1207 scriptorum
514 1151 768 1195 testimonia
806 1166 890 1194 non
926 1151 1197 1207 neglegenda
1229 1156 1330 1194 sunt
1353 1150 1392 1203 ¹).
1426 1150 1586 1194 Melius
1618 1150 1733 1193 enim
1766 1165 1897 1207 quam

211 1243 290 1270 nos
332 1242 588 1282 comparare
632 1231 866 1283 potuerunt
898 1226 1098 1283 dialogos
1134 1226 1327 1269 Platonis
1360 1242 1457 1269 cum
1491 1226 1676 1269 aliorum
1711 1225 1901 1282 scriptis,

209 1319 322 1360 quae
367 1302 493 1345 nobis
527 1302 734 1359 pleraque
767 1302 938 1345 desunt.
973 1302 1072 1345 Non
1106 1306 1171 1345 est
1202 1302 1317 1359 quod
1353 1317 1613 1345 moneamus
1645 1302 1708 1344 sic
1739 1306 1900 1345 temere

210 1395 296 1422 non
334 1394 430 1421 esse
465 1378 727 1421 credendum
762 1378 848 1420 illis
882 1377 1191 1434 scriptoribus;
1227 1377 1355 1431 vulgo
1389 1377 1503 1420 enim
1538 1376 1601 1420 eis
1633 1379 1767 1422 nulla
1793 1376 1901 1420 fides

211 1455 409 1497 liabetur.
455 1453 583 1496 Nunc
626 1458 771 1497 autem
817 1468 891 1495 eos
934 1452 1015 1496 hac
1057 1457 1207 1496 nostra
1239 1468 1356 1496 nova
1392 1453 1442 1495 de
1475 1452 1658 1496 Platone
1691 1452 1901 1508 scriptore

207 1530 303 1573 luce
331 1529 615 1586 contemplari
649 1544 902 1585 possumus.
935 1528 983 1571 Si
1015 1528 1241 1585 apparebit
1276 1528 1470 1571 eiusdem
1506 1527 1675 1571 farinae
1706 1543 1803 1571 esse
1835 1542 1900 1573 ea,

209 1621 321 1663 quae
368 1621 394 1649 a
440 1605 742 1662 Theopompo.
791 1604 1072 1654 Aristoxeno,
1121 1604 1306 1653 Alcimo‚
1349 1602 1607 1660 PorphyriO,
1650 1602 1749 1646 aliis
1792 1602 1900 1645 vitu-

209 1686 429 1738 perantur,
479 1686 610 1737 atque
654 1685 831 1724 nostiae
874 1680 925 1723 de
966 1680 1149 1723 Platone
1191 1680 1409 1724 imitatore
1441 1678 1780 1736 explorationes,
1815 1693 1899 1721 non

208 1758 293 1801 iam
335 1757 621 1800 retinebimur
653 1756 757 1813 quin
792 1762 998 1813 putemus
1030 1771 1115 1799 non
1150 1755 1342 1799 invidiae
1374 1759 1544 1798 tantum
1578 1754 1687 1798 haec
1718 1753 1902 1797 crimina

209 1833 368 1882 deberi,
401 1833 474 1876 sed
509 1849 553 1875 re
589 1848 692 1875 vera
723 1848 749 1876 a
781 1832 965 1876 Platone
998 1831 1199 1875 nonnihil
1232 1847 1329 1874 esse
1362 1836 1605 1888 peccatum.

267 1909 382 1952 Ante
429 1908 579 1951 omnia
625 1914 770 1951 autem
814 1908 896 1951 hac
938 1907 979 1950 in
1025 1907 1284 1965 quaestione
1325 1908 1370 1947 τὰ
1408 1908 1635 1958 φαινόμενα
1667 1909 1769 1948 sunt
1803 1920 1901 1948 con·

207 1984 422 2041 quirenda
470 1989 510 2027 et
557 1984 779 2029 intuenda.
827 1983 984 2027 deinde
1030 1988 1144 2026 recte
1192 1988 1233 2026 et
1279 1987 1378 2039 apte
1412 1981 1752 2038 interpretanda,
1794 1980 1820 2024 i.
1839 1996 1899 2024 e.:

208 2076 369 2116 magna
414 2060 549 2103 series
597 2060 900 2116 componenda
946 2064 1025 2106 est,
1068 2075 1198 2116 quam
1242 2058 1574 2102 accuratissime
1615 2057 1707 2100 fieri
1744 2061 1903 2114 potest,

208 2136 403 2179 omnium
437 2135 773 2178 similitudinum
807 2150 919 2192 quae
947 2134 1212 2191 ubicumque
1240 2134 1282 2176 in
1309 2133 1508 2177 Platonis
1535 2131 1903 2188 dialogislateant

208 2216 247 2254 et
291 2211 477 2255 inveniri
518 2217 559 2254 et
599 2212 690 2255 erui
722 2211 908 2268 possint.
943 2210 1108 2254 Deinde
1141 2210 1396 2267 singillatim
1431 2215 1471 2253 et
1504 2209 1768 2253 coniunctim
1802 2208 1902 2252 illae

208 2287 522 2330 similitudines
554 2287 699 2330 critice
733 2291 834 2330 sunt
866 2287 1121 2330 tractandae
1152 2291 1189 2329 et
1224 2285 1578 2342 interpretandae
1610 2289 1651 2328 et
1683 2284 1902 2341 inquiren-

208 2364 309 2406 dum
346 2364 460 2406 unde
488 2362 747 2406 exstiterint.
775 2362 881 2405 Arte
914 2361 1166 2405 anatomica
1194 2366 1233 2404 et
1262 2361 1563 2418 exploratione
1589 2359 1904 2416 microscopica

209 2438 336 2481 nobis
369 2454 478 2495 opus
511 2444 590 2486 est,
618 2438 779 2495 quibus
807 2437 967 2493 dialogi
994 2436 1208 2486 Platonis,
1238 2436 1378 2493 magis
1406 2452 1536 2493 quam
1566 2436 1710 2479 adhuc
1737 2435 1900 2478 factum

208 2519 286 2563 est,
331 2519 431 2557 sunt
473 2514 697 2558 insecandi
739 2519 779 2557 et
821 2513 1058 2570 aperiendi.
1103 2514 1199 2556 Hoc
1233 2514 1360 2556 modo
1394 2513 1788 2556 demonstrandum
1822 2516 1902 2559 est,

210 2590 312 2646 quid
347 2589 471 2633 Plato
504 2590 698 2633 debuerit
733 2589 995 2646 aequalibus
1028 2593 1069 2632 et
1102 2588 1153 2632 iis
1186 2588 1259 2645 qui
1293 2593 1395 2631 ante
1429 2603 1527 2631 eum
1561 2587 1841 2644 scripserunt.

271 2665 372 2707 Non
421 2665 575 2720 ignoro
622 2665 824 2708 fallacem
869 2680 1000 2720 saepe
1044 2680 1140 2707 esse
1181 2664 1293 2707 hanc
1333 2663 1584 2706 methodon.
1618 2662 1719 2706 Non
1752 2667 1899 2705 autem

214 2756 327 2784 unus
358 2740 481 2783 locus
515 2741 658 2783 solum
693 2740 1041 2783 considerandus
1070 2744 1134 2782 est
1161 2754 1301 2796 neque
1330 2739 1427 2790 duo,
1457 2738 1533 2781 sed
1556 2742 1687 2780 etoto
1706 2735 1902 2781 Platonis

268 2912 291 2955 ¹)
320 2912 582 2955 congeruntur
606 2912 781 2946 nonnulli
804 2911 875 2945 loci
902 2911 1020 2945 Zeller
1044 2911 1092 2944 l.l.
1118 2910 1164 2944 ll⁴
1188 2910 1280 2944 4⁶297.

268 2972 354 3007 Vid.
383 2974 494 3007 etiam
522 2973 669 3007 Christ,
695 2972 936 3006 Griechisclie
962 2972 1047 3006 Litt.
1072 2971 1209 3006 Gvsch.
1233 2971 1260 3004 l6
1283 2983 1367 3014 pag.
1391 2970 1483 3004 6647.
