<?xml version="1.0" encoding="UTF-8"?>
<!DOCTYPE html PUBLIC "-//W3C//DTD XHTML 1.0 Transitional//EN"
    "http://www.w3.org/TR/xhtml1/DTD/xhtml1-transitional.dtd">
<html xmlns="http://www.w3.org/1999/xhtml" xml:lang="en" lang="en">
 <head>
  <title>
</title>
<meta http-equiv="Content-Type" content="text/html;charset=utf-8" />
  <meta name='ocr-system' content='tesseract 3.04.00' />
  <meta name='ocr-capabilities' content='ocr_page ocr_carea ocr_par ocr_line ocrx_word'/>
</head>
<body>
  <div class='ocr_page' id='page_1' title='image "./deapologiaxenoph00vrijuoft_0144.png"; bbox 0 0 2019 3299; ppageno 0'>
   <div class='ocr_carea' id='block_1_1' title="bbox 967 161 1050 204">
    <p class='ocr_par' dir='ltr' id='par_1_1' title="bbox 967 161 1050 204">
     <span class='ocr_line' id='line_1_1' title="bbox 967 161 1050 204; baseline 0.012 -1"><span class='ocrx_word' id='word_1_1' title='bbox 967 161 1050 204; x_wconf 76' lang='lat'>120</span> 
     </span>
    </p>
   </div>
   <div class='ocr_carea' id='block_1_2' title="bbox 163 283 1857 2460">
    <p class='ocr_par' dir='ltr' id='par_1_2' title="bbox 163 283 1855 944">
     <span class='ocr_line' id='line_1_2' title="bbox 164 283 1853 341; baseline 0.004 -18"><span class='ocrx_word' id='word_1_2' title='bbox 164 286 278 337; x_wconf 69' lang='grc' dir='ltr'>Ιτιωὶθη</span> <span class='ocrx_word' id='word_1_3' title='bbox 327 284 597 340; x_wconf 83' lang='lat' dir='ltr'>tragoediam</span> <span class='ocrx_word' id='word_1_4' title='bbox 647 284 825 327; x_wconf 80' lang='lat' dir='ltr'>redolet.</span> <span class='ocrx_word' id='word_1_5' title='bbox 870 283 1044 341; x_wconf 84' lang='lat' dir='ltr'>Optime</span> <span class='ocrx_word' id='word_1_6' title='bbox 1086 283 1217 340; x_wconf 87' lang='lat' dir='ltr'>igitur</span> <span class='ocrx_word' id='word_1_7' title='bbox 1259 284 1374 341; x_wconf 91' lang='lat' dir='ltr'>apud</span> <span class='ocrx_word' id='word_1_8' title='bbox 1418 283 1758 341; x_wconf 81' lang='lat' dir='ltr'>Xenophontem</span> <span class='ocrx_word' id='word_1_9' title='bbox 1801 284 1853 329; x_wconf 91' lang='lat' dir='ltr'>de</span> 
     </span>
     <span class='ocr_line' id='line_1_3' title="bbox 165 350 1855 416; baseline 0.001 -14"><span class='ocrx_word' id='word_1_10' title='bbox 165 350 414 408; x_wconf 79' lang='lat' dir='ltr'>Palamede,</span> <span class='ocrx_word' id='word_1_11' title='bbox 456 375 584 416; x_wconf 92' lang='lat' dir='ltr'>quem</span> <span class='ocrx_word' id='word_1_12' title='bbox 620 375 747 402; x_wconf 90' lang='lat' dir='ltr'>nemo</span> <span class='ocrx_word' id='word_1_13' title='bbox 790 375 877 403; x_wconf 93' lang='lat' dir='ltr'>non</span> <span class='ocrx_word' id='word_1_14' title='bbox 922 359 964 402; x_wconf 89' lang='lat' dir='ltr'>in</span> <span class='ocrx_word' id='word_1_15' title='bbox 998 360 1168 403; x_wconf 89' lang='lat' dir='ltr'>theatro</span> <span class='ocrx_word' id='word_1_16' title='bbox 1204 359 1384 409; x_wconf 88' lang='lat' dir='ltr'>viderat,</span> <span class='ocrx_word' id='word_1_17' title='bbox 1418 359 1662 403; x_wconf 77' lang='lat' dir='ltr'>adhibetur.</span> <span class='ocrx_word' id='word_1_18' title='bbox 1691 359 1855 404; x_wconf 84' lang='lat' dir='ltr'>Contra</span> 
     </span>
     <span class='ocr_line' id='line_1_4' title="bbox 167 434 1854 492; baseline 0.001 -15"><span class='ocrx_word' id='word_1_19' title='bbox 167 434 282 489; x_wconf 92' lang='lat' dir='ltr'>apud</span> <span class='ocrx_word' id='word_1_20' title='bbox 316 434 545 478; x_wconf 87' lang='lat' dir='ltr'>Platonem</span> <span class='ocrx_word' id='word_1_21' title='bbox 580 435 798 482; x_wconf 79' lang='lat' dir='ltr'>Socrates,</span> <span class='ocrx_word' id='word_1_22' title='bbox 835 435 926 492; x_wconf 90' lang='lat' dir='ltr'>ipse</span> <span class='ocrx_word' id='word_1_23' title='bbox 960 435 1089 478; x_wconf 86' lang='lat' dir='ltr'>heros</span> <span class='ocrx_word' id='word_1_24' title='bbox 1122 434 1280 483; x_wconf 89' lang='lat' dir='ltr'>factus,</span> <span class='ocrx_word' id='word_1_25' title='bbox 1315 435 1365 478; x_wconf 90' lang='lat' dir='ltr'>de</span> <span class='ocrx_word' id='word_1_26' title='bbox 1397 450 1444 478; x_wconf 93' lang='lat' dir='ltr'>se</span> <span class='ocrx_word' id='word_1_27' title='bbox 1477 439 1564 477; x_wconf 89' lang='lat' dir='ltr'>met</span> <span class='ocrx_word' id='word_1_28' title='bbox 1596 434 1691 491; x_wconf 91' lang='lat' dir='ltr'>ipso</span> <span class='ocrx_word' id='word_1_29' title='bbox 1719 435 1854 492; x_wconf 91' lang='lat' dir='ltr'>loqui-</span> 
     </span>
     <span class='ocr_line' id='line_1_5' title="bbox 167 509 1854 567; baseline 0.001 -16"><span class='ocrx_word' id='word_1_30' title='bbox 167 514 248 558; x_wconf 87' lang='lat' dir='ltr'>tur,</span> <span class='ocrx_word' id='word_1_31' title='bbox 283 509 376 566; x_wconf 93' lang='lat' dir='ltr'>ipse</span> <span class='ocrx_word' id='word_1_32' title='bbox 410 510 573 553; x_wconf 88' lang='lat' dir='ltr'>scilicet</span> <span class='ocrx_word' id='word_1_33' title='bbox 607 510 748 567; x_wconf 88' lang='lat' dir='ltr'>poetis</span> <span class='ocrx_word' id='word_1_34' title='bbox 780 510 958 567; x_wconf 84' lang='lat' dir='ltr'>tragicis</span> <span class='ocrx_word' id='word_1_35' title='bbox 993 510 1220 553; x_wconf 81' lang='lat' dir='ltr'>materiem</span> <span class='ocrx_word' id='word_1_36' title='bbox 1254 510 1549 567; x_wconf 78' lang='lat' dir='ltr'>praebiturus,</span> <span class='ocrx_word' id='word_1_37' title='bbox 1582 509 1743 567; x_wconf 86' lang='lat' dir='ltr'>Utique</span> <span class='ocrx_word' id='word_1_38' title='bbox 1770 510 1854 553; x_wconf 91' lang='lat' dir='ltr'>sol-</span> 
     </span>
     <span class='ocr_line' id='line_1_6' title="bbox 165 585 1855 643; baseline 0.001 -16"><span class='ocrx_word' id='word_1_39' title='bbox 165 585 308 628; x_wconf 91' lang='lat' dir='ltr'>lemne</span> <span class='ocrx_word' id='word_1_40' title='bbox 350 585 455 628; x_wconf 91' lang='lat' dir='ltr'>illud</span> <span class='ocrx_word' id='word_1_41' title='bbox 492 586 754 629; x_wconf 91' lang='lat' dir='ltr'>vocabulum</span> <span class='ocrx_word' id='word_1_42' title='bbox 788 589 904 638; x_wconf 83' lang='grc' dir='ltr'><em>πάθη</em></span> <span class='ocrx_word' id='word_1_43' title='bbox 936 585 1045 629; x_wconf 88' lang='lat' dir='ltr'>satis</span> <span class='ocrx_word' id='word_1_44' title='bbox 1079 585 1292 642; x_wconf 87' lang='lat' dir='ltr'>tragicum</span> <span class='ocrx_word' id='word_1_45' title='bbox 1327 585 1487 643; x_wconf 81' lang='lat' dir='ltr'>spirat!</span> <span class='ocrx_word' id='word_1_46' title='bbox 1522 585 1647 636; x_wconf 86' lang='lat' dir='ltr'>Quod</span> <span class='ocrx_word' id='word_1_47' title='bbox 1682 585 1855 635; x_wconf 81' lang='lat' dir='ltr'>Platoni</span> 
     </span>
     <span class='ocr_line' id='line_1_7' title="bbox 166 660 1854 710; baseline 0.001 -7"><span class='ocrx_word' id='word_1_48' title='bbox 166 660 282 703; x_wconf 89' lang='lat' dir='ltr'>haud</span> <span class='ocrx_word' id='word_1_49' title='bbox 326 660 584 704; x_wconf 90' lang='lat' dir='ltr'>inusitatum</span> <span class='ocrx_word' id='word_1_50' title='bbox 629 665 736 704; x_wconf 93' lang='lat' dir='ltr'>erat.</span> <span class='ocrx_word' id='word_1_51' title='bbox 779 660 965 705; x_wconf 86' lang='lat' dir='ltr'>Talibus</span> <span class='ocrx_word' id='word_1_52' title='bbox 1008 660 1237 704; x_wconf 88' lang='lat' dir='ltr'>vocabulis</span> <span class='ocrx_word' id='word_1_53' title='bbox 1280 661 1464 704; x_wconf 85' lang='lat' dir='ltr'>ironiam</span> <span class='ocrx_word' id='word_1_54' title='bbox 1498 676 1623 704; x_wconf 89' lang='lat' dir='ltr'>suam</span> <span class='ocrx_word' id='word_1_55' title='bbox 1657 666 1854 710; x_wconf 87' lang='lat' dir='ltr'>exornat,</span> 
     </span>
     <span class='ocr_line' id='line_1_8' title="bbox 165 735 1855 793; baseline 0.001 -15"><span class='ocrx_word' id='word_1_56' title='bbox 165 736 279 792; x_wconf 90' lang='lat' dir='ltr'>quod</span> <span class='ocrx_word' id='word_1_57' title='bbox 313 735 476 793; x_wconf 91' lang='lat' dir='ltr'>optime</span> <span class='ocrx_word' id='word_1_58' title='bbox 511 736 710 779; x_wconf 91' lang='lat' dir='ltr'>videmus</span> <span class='ocrx_word' id='word_1_59' title='bbox 747 736 839 780; x_wconf 89' lang='lat' dir='ltr'>fieri</span> <span class='ocrx_word' id='word_1_60' title='bbox 873 736 915 779; x_wconf 91' lang='lat' dir='ltr'>in</span> <span class='ocrx_word' id='word_1_61' title='bbox 950 736 1185 780; x_wconf 88' lang='lat' dir='ltr'>Phaedone</span> <span class='ocrx_word' id='word_1_62' title='bbox 1216 737 1272 780; x_wconf 85' lang='lat'>96</span> <span class='ocrx_word' id='word_1_63' title='bbox 1297 738 1348 786; x_wconf 85' lang='lat' dir='ltr'>A,</span> <span class='ocrx_word' id='word_1_64' title='bbox 1383 736 1456 779; x_wconf 91' lang='lat' dir='ltr'>ubi</span> <span class='ocrx_word' id='word_1_65' title='bbox 1489 736 1614 780; x_wconf 88' lang='lat' dir='ltr'>Plato</span> <span class='ocrx_word' id='word_1_66' title='bbox 1648 736 1855 793; x_wconf 84' lang='lat' dir='ltr'>physicos</span> 
     </span>
     <span class='ocr_line' id='line_1_9' title="bbox 163 809 1854 866; baseline -0.001 -12"><span class='ocrx_word' id='word_1_67' title='bbox 163 811 352 854; x_wconf 93' lang='lat' dir='ltr'>ludibrio</span> <span class='ocrx_word' id='word_1_68' title='bbox 401 812 546 855; x_wconf 87' lang='lat' dir='ltr'>habet.</span> <span class='ocrx_word' id='word_1_69' title='bbox 596 812 845 856; x_wconf 82' lang='lat' dir='ltr'>Praemiltit</span> <span class='ocrx_word' id='word_1_70' title='bbox 890 812 999 855; x_wconf 90' lang='lat' dir='ltr'>haec</span> <span class='ocrx_word' id='word_1_71' title='bbox 1047 812 1203 855; x_wconf 87' lang='lat' dir='ltr'>verba:</span> <span class='ocrx_word' id='word_1_72' title='bbox 1251 814 1324 866; x_wconf 80' lang='grc' dir='ltr'>ἐγὼ</span> <span class='ocrx_word' id='word_1_73' title='bbox 1373 809 1446 853; x_wconf 81' lang='grc' dir='ltr'>οὖν</span> <span class='ocrx_word' id='word_1_74' title='bbox 1494 827 1555 852; x_wconf 82' lang='grc' dir='ltr'>σοι</span> <span class='ocrx_word' id='word_1_75' title='bbox 1602 814 1721 864; x_wconf 79' lang='grc' dir='ltr'><em>δίειμι</em></span> <span class='ocrx_word' id='word_1_76' title='bbox 1767 813 1854 865; x_wconf 80' lang='grc' dir='ltr'><strong><em>περὶ</em></strong></span> 
     </span>
     <span class='ocr_line' id='line_1_10' title="bbox 165 888 1067 944; baseline 0 -18"><span class='ocrx_word' id='word_1_77' title='bbox 165 889 310 937; x_wconf 78' lang='grc' dir='ltr'>αὐτῶν,</span> <span class='ocrx_word' id='word_1_78' title='bbox 342 888 410 927; x_wconf 82' lang='grc' dir='ltr'>ἐὰν</span> <span class='ocrx_word' id='word_1_79' title='bbox 442 890 583 944; x_wconf 75' lang='grc' dir='ltr'><em>βούλῃ,</em></span> <span class='ocrx_word' id='word_1_80' title='bbox 614 891 670 928; x_wconf 80' lang='grc' dir='ltr'>τά</span> <span class='ocrx_word' id='word_1_81' title='bbox 702 904 755 941; x_wconf 82' lang='grc' dir='ltr'>γε</span> <span class='ocrx_word' id='word_1_82' title='bbox 788 889 881 939; x_wconf 78' lang='grc' dir='ltr'>ἐμὰ</span> <span class='ocrx_word' id='word_1_83' title='bbox 912 890 1067 939; x_wconf 80' lang='grc' dir='ltr'><strong><em>πάθη.</em></strong></span> 
     </span>
    </p>

    <p class='ocr_par' dir='ltr' id='par_1_3' title="bbox 166 961 1855 1172">
     <span class='ocr_line' id='line_1_11' title="bbox 224 961 1853 1021; baseline 0.002 -17"><span class='ocrx_word' id='word_1_84' title='bbox 224 961 374 1019; x_wconf 90' lang='lat' dir='ltr'>Ipsum</span> <span class='ocrx_word' id='word_1_85' title='bbox 408 968 553 1006; x_wconf 92' lang='lat' dir='ltr'>autem</span> <span class='ocrx_word' id='word_1_86' title='bbox 589 963 815 1006; x_wconf 77' lang='lat' dir='ltr'>Socratem</span> <span class='ocrx_word' id='word_1_87' title='bbox 856 979 942 1005; x_wconf 90' lang='lat' dir='ltr'>non</span> <span class='ocrx_word' id='word_1_88' title='bbox 977 962 1074 1006; x_wconf 91' lang='lat' dir='ltr'>sine</span> <span class='ocrx_word' id='word_1_89' title='bbox 1109 962 1258 1020; x_wconf 88' lang='lat' dir='ltr'>aliqua</span> <span class='ocrx_word' id='word_1_90' title='bbox 1292 963 1433 1006; x_wconf 89' lang='lat' dir='ltr'>ironia</span> <span class='ocrx_word' id='word_1_91' title='bbox 1463 963 1514 1006; x_wconf 93' lang='lat' dir='ltr'>de</span> <span class='ocrx_word' id='word_1_92' title='bbox 1547 978 1593 1006; x_wconf 87' lang='lat' dir='ltr'>se</span> <span class='ocrx_word' id='word_1_93' title='bbox 1627 969 1713 1007; x_wconf 89' lang='lat' dir='ltr'>met</span> <span class='ocrx_word' id='word_1_94' title='bbox 1746 964 1853 1021; x_wconf 76' lang='lat' dir='ltr'>ipso,</span> 
     </span>
     <span class='ocr_line' id='line_1_12' title="bbox 167 1038 1855 1097; baseline 0.002 -16"><span class='ocrx_word' id='word_1_95' title='bbox 167 1038 295 1095; x_wconf 87' lang='lat' dir='ltr'>quasi</span> <span class='ocrx_word' id='word_1_96' title='bbox 344 1039 394 1081; x_wconf 92' lang='lat' dir='ltr'>de</span> <span class='ocrx_word' id='word_1_97' title='bbox 436 1039 626 1096; x_wconf 89' lang='lat' dir='ltr'>quodam</span> <span class='ocrx_word' id='word_1_98' title='bbox 661 1039 791 1082; x_wconf 89' lang='lat' dir='ltr'>heroe</span> <span class='ocrx_word' id='word_1_99' title='bbox 824 1039 1001 1095; x_wconf 88' lang='lat' dir='ltr'>tragico,</span> <span class='ocrx_word' id='word_1_100' title='bbox 1037 1040 1229 1082; x_wconf 83' lang='lat' dir='ltr'>locutum</span> <span class='ocrx_word' id='word_1_101' title='bbox 1265 1055 1375 1087; x_wconf 87' lang='lat' dir='ltr'>esse,</span> <span class='ocrx_word' id='word_1_102' title='bbox 1410 1055 1680 1097; x_wconf 86' lang='lat' dir='ltr'>quamquam</span> <span class='ocrx_word' id='word_1_103' title='bbox 1707 1043 1855 1095; x_wconf 78' lang='lat' dir='ltr'>paulo</span> 
     </span>
     <span class='ocr_line' id='line_1_13' title="bbox 166 1115 1649 1172; baseline 0.001 -15"><span class='ocrx_word' id='word_1_104' title='bbox 166 1117 276 1158; x_wconf 77' lang='lat' dir='ltr'>ante</span> <span class='ocrx_word' id='word_1_105' title='bbox 308 1117 453 1158; x_wconf 79' lang='lat' dir='ltr'>morte</span> <span class='ocrx_word' id='word_1_106' title='bbox 484 1118 749 1159; x_wconf 80' lang='lat' dir='ltr'>damnatus</span> <span class='ocrx_word' id='word_1_107' title='bbox 786 1118 899 1165; x_wconf 79' lang='lat' dir='ltr'>erat,</span> <span class='ocrx_word' id='word_1_108' title='bbox 936 1115 1042 1158; x_wconf 87' lang='lat' dir='ltr'>mihi</span> <span class='ocrx_word' id='word_1_109' title='bbox 1074 1115 1250 1172; x_wconf 84' lang='lat' dir='ltr'>quidem</span> <span class='ocrx_word' id='word_1_110' title='bbox 1285 1115 1536 1159; x_wconf 80' lang='lat' dir='ltr'>incredibile</span> <span class='ocrx_word' id='word_1_111' title='bbox 1570 1120 1649 1159; x_wconf 89' lang='lat' dir='ltr'>est.</span> 
     </span>
    </p>

    <p class='ocr_par' dir='ltr' id='par_1_4' title="bbox 166 1189 1857 1398">
     <span class='ocr_line' id='line_1_14' title="bbox 225 1189 1857 1249; baseline 0.001 -16"><span class='ocrx_word' id='word_1_112' title='bbox 225 1189 385 1234; x_wconf 91' lang='lat' dir='ltr'>Omnia</span> <span class='ocrx_word' id='word_1_113' title='bbox 417 1206 529 1248; x_wconf 91' lang='lat' dir='ltr'>quae</span> <span class='ocrx_word' id='word_1_114' title='bbox 562 1195 664 1234; x_wconf 90' lang='lat' dir='ltr'>sunt</span> <span class='ocrx_word' id='word_1_115' title='bbox 697 1206 747 1234; x_wconf 82' lang='lat' dir='ltr'>ex</span> <span class='ocrx_word' id='word_1_116' title='bbox 781 1206 831 1234; x_wconf 94' lang='lat' dir='ltr'>eo</span> <span class='ocrx_word' id='word_1_117' title='bbox 859 1207 1018 1248; x_wconf 86' lang='lat' dir='ltr'>genere</span> <span class='ocrx_word' id='word_1_118' title='bbox 1038 1191 1121 1248; x_wconf 91' lang='lat' dir='ltr'>ipsi</span> <span class='ocrx_word' id='word_1_119' title='bbox 1151 1191 1324 1234; x_wconf 87' lang='lat' dir='ltr'>Platoni</span> <span class='ocrx_word' id='word_1_120' title='bbox 1353 1191 1579 1241; x_wconf 75' lang='lat' dir='ltr'>debentur,</span> <span class='ocrx_word' id='word_1_121' title='bbox 1598 1191 1672 1249; x_wconf 91' lang='lat' dir='ltr'>qui</span> <span class='ocrx_word' id='word_1_122' title='bbox 1690 1192 1857 1245; x_wconf 90' lang='lat' dir='ltr'>aliquot</span> 
     </span>
     <span class='ocr_line' id='line_1_15' title="bbox 167 1254 1856 1324; baseline 0.002 -16"><span class='ocrx_word' id='word_1_123' title='bbox 167 1265 296 1309; x_wconf 87' lang='lat' dir='ltr'>annis</span> <span class='ocrx_word' id='word_1_124' title='bbox 340 1271 438 1322; x_wconf 90' lang='lat' dir='ltr'>post</span> <span class='ocrx_word' id='word_1_125' title='bbox 491 1266 552 1309; x_wconf 91' lang='lat' dir='ltr'>sic</span> <span class='ocrx_word' id='word_1_126' title='bbox 594 1266 713 1324; x_wconf 87' lang='lat' dir='ltr'>loqui</span> <span class='ocrx_word' id='word_1_127' title='bbox 748 1266 888 1323; x_wconf 88' lang='lat' dir='ltr'>potuit</span> <span class='ocrx_word' id='word_1_128' title='bbox 920 1271 1009 1316; x_wconf 89' lang='lat' dir='ltr'>aut,</span> <span class='ocrx_word' id='word_1_129' title='bbox 1044 1267 1158 1324; x_wconf 90' lang='lat' dir='ltr'>quod</span> <span class='ocrx_word' id='word_1_130' title='bbox 1193 1267 1344 1310; x_wconf 86' lang='lat' dir='ltr'>eodem</span> <span class='ocrx_word' id='word_1_131' title='bbox 1378 1254 1500 1317; x_wconf 80' lang='lat' dir='ltr'>redit,</span> <span class='ocrx_word' id='word_1_132' title='bbox 1535 1266 1760 1311; x_wconf 79' lang='lat' dir='ltr'>Socratem</span> <span class='ocrx_word' id='word_1_133' title='bbox 1794 1268 1856 1312; x_wconf 88' lang='lat' dir='ltr'>ita</span> 
     </span>
     <span class='ocr_line' id='line_1_16' title="bbox 166 1341 1060 1398; baseline 0.002 -14"><span class='ocrx_word' id='word_1_134' title='bbox 166 1341 420 1398; x_wconf 89' lang='lat' dir='ltr'>loquentem</span> <span class='ocrx_word' id='word_1_135' title='bbox 454 1342 660 1386; x_wconf 85' lang='lat' dir='ltr'>inducere</span> <span class='ocrx_word' id='word_1_136' title='bbox 693 1358 778 1385; x_wconf 93' lang='lat' dir='ltr'>non</span> <span class='ocrx_word' id='word_1_137' title='bbox 815 1345 1060 1386; x_wconf 84' lang='lat' dir='ltr'>verebatur.</span> 
     </span>
    </p>

    <p class='ocr_par' dir='ltr' id='par_1_5' title="bbox 163 1416 1857 1926">
     <span class='ocr_line' id='line_1_17' title="bbox 225 1416 1854 1475; baseline 0.002 -15"><span class='ocrx_word' id='word_1_138' title='bbox 225 1416 458 1468; x_wconf 83' lang='lat' dir='ltr'>Quaeritur</span> <span class='ocrx_word' id='word_1_139' title='bbox 506 1423 653 1461; x_wconf 92' lang='lat' dir='ltr'>autem</span> <span class='ocrx_word' id='word_1_140' title='bbox 706 1419 928 1475; x_wconf 89' lang='lat' dir='ltr'>quomodo</span> <span class='ocrx_word' id='word_1_141' title='bbox 976 1418 1021 1461; x_wconf 92' lang='lat' dir='ltr'>hi</span> <span class='ocrx_word' id='word_1_142' title='bbox 1068 1423 1157 1461; x_wconf 90' lang='lat' dir='ltr'>tres</span> <span class='ocrx_word' id='word_1_143' title='bbox 1207 1418 1291 1461; x_wconf 93' lang='lat' dir='ltr'>loci</span> <span class='ocrx_word' id='word_1_144' title='bbox 1328 1419 1613 1471; x_wconf 80' lang='lat' dir='ltr'>cohaereant.</span> <span class='ocrx_word' id='word_1_145' title='bbox 1660 1419 1854 1464; x_wconf 84' lang='lat' dir='ltr'>Primum</span> 
     </span>
     <span class='ocr_line' id='line_1_18' title="bbox 163 1493 1856 1552; baseline 0.002 -17"><span class='ocrx_word' id='word_1_146' title='bbox 163 1493 449 1536; x_wconf 86' lang='lat' dir='ltr'>statuendum</span> <span class='ocrx_word' id='word_1_147' title='bbox 483 1498 549 1537; x_wconf 90' lang='lat' dir='ltr'>est</span> <span class='ocrx_word' id='word_1_148' title='bbox 580 1494 700 1537; x_wconf 92' lang='lat' dir='ltr'>locos</span> <span class='ocrx_word' id='word_1_149' title='bbox 732 1494 806 1552; x_wconf 87' lang='lat' dir='ltr'>qui</span> <span class='ocrx_word' id='word_1_150' title='bbox 845 1495 887 1537; x_wconf 90' lang='lat' dir='ltr'>in</span> <span class='ocrx_word' id='word_1_151' title='bbox 923 1500 1107 1551; x_wconf 90' lang='lat' dir='ltr'>utraque</span> <span class='ocrx_word' id='word_1_152' title='bbox 1140 1494 1357 1552; x_wconf 88' lang='lat' dir='ltr'>Apologia</span> <span class='ocrx_word' id='word_1_153' title='bbox 1374 1495 1581 1552; x_wconf 89' lang='lat' dir='ltr'>leguntur</span> <span class='ocrx_word' id='word_1_154' title='bbox 1598 1496 1856 1552; x_wconf 91' lang='lat' dir='ltr'>consangui-</span> 
     </span>
     <span class='ocr_line' id='line_1_19' title="bbox 167 1568 1854 1627; baseline 0.002 -16"><span class='ocrx_word' id='word_1_155' title='bbox 167 1569 347 1612; x_wconf 90' lang='lat' dir='ltr'>nitatem</span> <span class='ocrx_word' id='word_1_156' title='bbox 378 1568 574 1626; x_wconf 86' lang='lat' dir='ltr'>aliquam</span> <span class='ocrx_word' id='word_1_157' title='bbox 608 1569 793 1619; x_wconf 86' lang='lat' dir='ltr'>habere;</span> <span class='ocrx_word' id='word_1_158' title='bbox 823 1570 980 1613; x_wconf 89' lang='lat' dir='ltr'>deinde</span> <span class='ocrx_word' id='word_1_159' title='bbox 1015 1570 1165 1626; x_wconf 84' lang='lat' dir='ltr'>negari</span> <span class='ocrx_word' id='word_1_160' title='bbox 1199 1585 1285 1613; x_wconf 90' lang='lat' dir='ltr'>non</span> <span class='ocrx_word' id='word_1_161' title='bbox 1315 1575 1457 1627; x_wconf 89' lang='lat' dir='ltr'>potest</span> <span class='ocrx_word' id='word_1_162' title='bbox 1484 1571 1628 1614; x_wconf 89' lang='lat' dir='ltr'>locum</span> <span class='ocrx_word' id='word_1_163' title='bbox 1656 1570 1700 1615; x_wconf 89' lang='lat' dir='ltr'>in</span> <span class='ocrx_word' id='word_1_164' title='bbox 1724 1571 1854 1615; x_wconf 90' lang='lat' dir='ltr'>Mem.</span> 
     </span>
     <span class='ocr_line' id='line_1_20' title="bbox 165 1644 1856 1701; baseline 0.001 -15"><span class='ocrx_word' id='word_1_165' title='bbox 165 1648 257 1687; x_wconf 87' lang='lat' dir='ltr'>arte</span> <span class='ocrx_word' id='word_1_166' title='bbox 290 1644 523 1687; x_wconf 86' lang='lat' dir='ltr'>cohaerere</span> <span class='ocrx_word' id='word_1_167' title='bbox 556 1660 653 1688; x_wconf 90' lang='lat' dir='ltr'>cum</span> <span class='ocrx_word' id='word_1_168' title='bbox 688 1645 782 1688; x_wconf 88' lang='lat' dir='ltr'>loco</span> <span class='ocrx_word' id='word_1_169' title='bbox 815 1645 858 1688; x_wconf 89' lang='lat' dir='ltr'>in</span> <span class='ocrx_word' id='word_1_170' title='bbox 892 1645 1020 1701; x_wconf 87' lang='lat' dir='ltr'>Apol.</span> <span class='ocrx_word' id='word_1_171' title='bbox 1049 1645 1162 1689; x_wconf 86' lang='lat' dir='ltr'>Xen.</span> <span class='ocrx_word' id='word_1_172' title='bbox 1197 1646 1292 1689; x_wconf 89' lang='lat' dir='ltr'>Hoc</span> <span class='ocrx_word' id='word_1_173' title='bbox 1323 1645 1518 1690; x_wconf 89' lang='lat' dir='ltr'>indicant</span> <span class='ocrx_word' id='word_1_174' title='bbox 1551 1647 1686 1691; x_wconf 87' lang='lat' dir='ltr'>verba</span> <span class='ocrx_word' id='word_1_175' title='bbox 1717 1655 1856 1688; x_wconf 82' lang='grc' dir='ltr'><em>τοῦτον</em></span> 
     </span>
     <span class='ocr_line' id='line_1_21' title="bbox 165 1721 1857 1773; baseline 0.003 -14"><span class='ocrx_word' id='word_1_176' title='bbox 165 1721 238 1772; x_wconf 80' lang='grc' dir='ltr'>γὰρ</span> <span class='ocrx_word' id='word_1_177' title='bbox 281 1722 329 1771; x_wconf 80' lang='grc' dir='ltr'>δὴ</span> <span class='ocrx_word' id='word_1_178' title='bbox 371 1722 513 1768; x_wconf 79' lang='grc' dir='ltr'><em>πάντες</em></span> <span class='ocrx_word' id='word_1_179' title='bbox 558 1723 753 1771; x_wconf 80' lang='grc' dir='ltr'>ὑμνοῦσιν</span> <span class='ocrx_word' id='word_1_180' title='bbox 801 1721 852 1769; x_wconf 79' lang='grc' dir='ltr'>ὡς</span> <span class='ocrx_word' id='word_1_181' title='bbox 886 1723 951 1760; x_wconf 79' lang='grc' dir='ltr'>διὰ</span> <span class='ocrx_word' id='word_1_182' title='bbox 984 1724 1134 1771; x_wconf 83' lang='grc' dir='ltr'><em>σοφίαν</em></span> <span class='ocrx_word' id='word_1_183' title='bbox 1166 1722 1396 1773; x_wconf 81' lang='grc' dir='ltr'><em>φθονηθεὶς</em></span> <span class='ocrx_word' id='word_1_184' title='bbox 1429 1723 1508 1762; x_wconf 77' lang='grc' dir='ltr'>ὑπὸ</span> <span class='ocrx_word' id='word_1_185' title='bbox 1541 1730 1608 1763; x_wconf 82' lang='grc' dir='ltr'>τοῦ</span> <span class='ocrx_word' id='word_1_186' title='bbox 1635 1721 1857 1772; x_wconf 83' lang='grc' dir='ltr'><strong><em>Ὀδυσσέως</em></strong></span> 
     </span>
     <span class='ocr_line' id='line_1_22' title="bbox 166 1794 1857 1850; baseline 0.002 -15"><span class='ocrx_word' id='word_1_187' title='bbox 166 1797 381 1837; x_wconf 62' lang='lat' dir='ltr'>&amp;mmmm</span> <span class='ocrx_word' id='word_1_188' title='bbox 414 1794 533 1839; x_wconf 78' lang='lat' dir='ltr'>hisce</span> <span class='ocrx_word' id='word_1_189' title='bbox 566 1796 761 1840; x_wconf 78' lang='lat' dir='ltr'>collatis:</span> <span class='ocrx_word' id='word_1_190' title='bbox 800 1798 853 1837; x_wconf 74' lang='grc' dir='ltr'>ἔτι</span> <span class='ocrx_word' id='word_1_191' title='bbox 885 1798 958 1850; x_wconf 78' lang='grc' dir='ltr'>γὰρ</span> <span class='ocrx_word' id='word_1_192' title='bbox 992 1798 1057 1836; x_wconf 80' lang='grc' dir='ltr'>καὶ</span> <span class='ocrx_word' id='word_1_193' title='bbox 1093 1805 1167 1837; x_wconf 85' lang='grc' dir='ltr'>νῦν</span> <span class='ocrx_word' id='word_1_194' title='bbox 1200 1799 1302 1838; x_wconf 79' lang='grc' dir='ltr'><em>πολὺ</em></span> <span class='ocrx_word' id='word_1_195' title='bbox 1334 1800 1521 1846; x_wconf 77' lang='grc' dir='ltr'><strong><em>καλλίους</em></strong></span> <span class='ocrx_word' id='word_1_196' title='bbox 1556 1800 1706 1850; x_wconf 79' lang='grc' dir='ltr'><em>ὕμνους</em></span> <span class='ocrx_word' id='word_1_197' title='bbox 1739 1799 1857 1850; x_wconf 81' lang='grc' dir='ltr'><strong><em>παρέ-</em></strong></span> 
     </span>
     <span class='ocr_line' id='line_1_23' title="bbox 170 1870 1362 1926; baseline 0.003 -16"><span class='ocrx_word' id='word_1_198' title='bbox 170 1888 273 1923; x_wconf 80' lang='grc' dir='ltr'><em>χεται</em></span> <span class='ocrx_word' id='word_1_199' title='bbox 299 1870 520 1920; x_wconf 81' lang='grc' dir='ltr'><em>Ὀδυσσέως</em></span> <span class='ocrx_word' id='word_1_200' title='bbox 553 1881 623 1912; x_wconf 82' lang='grc' dir='ltr'>τοῦ</span> <span class='ocrx_word' id='word_1_201' title='bbox 657 1873 802 1921; x_wconf 77' lang='grc' dir='ltr'><em>ἀδίκως</em></span> <span class='ocrx_word' id='word_1_202' title='bbox 836 1873 1144 1921; x_wconf 73' lang='grc' dir='ltr'><em>ἀποκτείναντος</em></span> <span class='ocrx_word' id='word_1_203' title='bbox 1177 1875 1300 1914; x_wconf 82' lang='grc' dir='ltr'><em>αὐτόν</em></span> <span class='ocrx_word' id='word_1_204' title='bbox 1322 1873 1362 1926; x_wconf 80' lang='lat'>¹).</span> 
     </span>
    </p>

    <p class='ocr_par' dir='ltr' id='par_1_6' title="bbox 164 1946 1857 2370">
     <span class='ocr_line' id='line_1_24' title="bbox 224 1946 1856 2006; baseline 0.002 -16"><span class='ocrx_word' id='word_1_205' title='bbox 224 1946 325 1990; x_wconf 90' lang='lat' dir='ltr'>Non</span> <span class='ocrx_word' id='word_1_206' title='bbox 379 1946 509 2004; x_wconf 89' lang='lat' dir='ltr'>igitur</span> <span class='ocrx_word' id='word_1_207' title='bbox 556 1948 838 1992; x_wconf 89' lang='lat' dir='ltr'>temerarium</span> <span class='ocrx_word' id='word_1_208' title='bbox 875 1948 1011 1992; x_wconf 87' lang='lat' dir='ltr'>videri</span> <span class='ocrx_word' id='word_1_209' title='bbox 1055 1953 1200 2006; x_wconf 85' lang='lat' dir='ltr'>potest</span> <span class='ocrx_word' id='word_1_210' title='bbox 1241 1964 1268 1992; x_wconf 87' lang='lat' dir='ltr'>a</span> <span class='ocrx_word' id='word_1_211' title='bbox 1309 1948 1437 1992; x_wconf 91' lang='lat' dir='ltr'>nobis</span> <span class='ocrx_word' id='word_1_212' title='bbox 1469 1949 1613 1992; x_wconf 89' lang='lat' dir='ltr'>locum</span> <span class='ocrx_word' id='word_1_213' title='bbox 1645 1949 1690 1992; x_wconf 90' lang='lat' dir='ltr'>in</span> <span class='ocrx_word' id='word_1_214' title='bbox 1725 1949 1856 1993; x_wconf 92' lang='lat' dir='ltr'>Mem.</span> 
     </span>
     <span class='ocr_line' id='line_1_25' title="bbox 167 2023 1855 2081; baseline 0.002 -16"><span class='ocrx_word' id='word_1_215' title='bbox 167 2037 263 2065; x_wconf 91' lang='lat' dir='ltr'>cum</span> <span class='ocrx_word' id='word_1_216' title='bbox 284 2023 428 2066; x_wconf 90' lang='lat' dir='ltr'>verbis</span> <span class='ocrx_word' id='word_1_217' title='bbox 461 2024 503 2066; x_wconf 93' lang='lat' dir='ltr'>in</span> <span class='ocrx_word' id='word_1_218' title='bbox 532 2024 659 2081; x_wconf 85' lang='lat' dir='ltr'>Apol.</span> <span class='ocrx_word' id='word_1_219' title='bbox 693 2024 803 2068; x_wconf 90' lang='lat' dir='ltr'>Plat.</span> <span class='ocrx_word' id='word_1_220' title='bbox 837 2024 1095 2080; x_wconf 88' lang='lat' dir='ltr'>comparari.</span> <span class='ocrx_word' id='word_1_221' title='bbox 1130 2024 1416 2081; x_wconf 90' lang='lat' dir='ltr'>Suspicamur</span> <span class='ocrx_word' id='word_1_222' title='bbox 1453 2024 1584 2081; x_wconf 82' lang='lat' dir='ltr'>igitur</span> <span class='ocrx_word' id='word_1_223' title='bbox 1614 2025 1855 2074; x_wconf 83' lang='lat' dir='ltr'>Platonem,</span> 
     </span>
     <span class='ocr_line' id='line_1_26' title="bbox 164 2099 1856 2158; baseline 0.001 -15"><span class='ocrx_word' id='word_1_224' title='bbox 164 2104 402 2156; x_wconf 88' lang='lat' dir='ltr'>antequam</span> <span class='ocrx_word' id='word_1_225' title='bbox 449 2099 713 2156; x_wconf 89' lang='lat' dir='ltr'>Apologiam</span> <span class='ocrx_word' id='word_1_226' title='bbox 761 2100 1023 2157; x_wconf 87' lang='lat' dir='ltr'>composuit,</span> <span class='ocrx_word' id='word_1_227' title='bbox 1073 2116 1158 2143; x_wconf 91' lang='lat' dir='ltr'>non</span> <span class='ocrx_word' id='word_1_228' title='bbox 1212 2101 1356 2144; x_wconf 90' lang='lat' dir='ltr'>solum</span> <span class='ocrx_word' id='word_1_229' title='bbox 1390 2101 1651 2158; x_wconf 78' lang='lat' dir='ltr'>Apologiam</span> <span class='ocrx_word' id='word_1_230' title='bbox 1710 2101 1856 2145; x_wconf 91' lang='lat' dir='ltr'>Xeno-</span> 
     </span>
     <span class='ocr_line' id='line_1_27' title="bbox 167 2174 1857 2233; baseline 0.002 -16"><span class='ocrx_word' id='word_1_231' title='bbox 167 2174 344 2231; x_wconf 85' lang='lat' dir='ltr'>phontis</span> <span class='ocrx_word' id='word_1_232' title='bbox 391 2175 466 2218; x_wconf 91' lang='lat' dir='ltr'>sed</span> <span class='ocrx_word' id='word_1_233' title='bbox 512 2175 644 2218; x_wconf 90' lang='lat' dir='ltr'>etiam</span> <span class='ocrx_word' id='word_1_234' title='bbox 695 2175 999 2219; x_wconf 90' lang='lat' dir='ltr'>Memorabilia</span> <span class='ocrx_word' id='word_1_235' title='bbox 1046 2176 1282 2233; x_wconf 85' lang='lat' dir='ltr'>perlegisse</span> <span class='ocrx_word' id='word_1_236' title='bbox 1325 2181 1366 2219; x_wconf 92' lang='lat' dir='ltr'>et</span> <span class='ocrx_word' id='word_1_237' title='bbox 1415 2192 1466 2219; x_wconf 85' lang='lat' dir='ltr'>ex</span> <span class='ocrx_word' id='word_1_238' title='bbox 1513 2176 1577 2219; x_wconf 92' lang='lat' dir='ltr'>eis</span> <span class='ocrx_word' id='word_1_239' title='bbox 1625 2179 1857 2233; x_wconf 76' lang='lat' dir='ltr'>tanquam</span> 
     </span>
     <span class='ocr_line' id='line_1_28' title="bbox 165 2251 1856 2308; baseline 0 -14"><span class='ocrx_word' id='word_1_240' title='bbox 165 2265 223 2294; x_wconf 72' lang='lat' dir='ltr'>em</span> <span class='ocrx_word' id='word_1_241' title='bbox 253 2253 412 2295; x_wconf 75' lang='lat' dir='ltr'>aridis</span> <span class='ocrx_word' id='word_1_242' title='bbox 442 2252 714 2295; x_wconf 72' lang='lat' dir='ltr'>Annalibus</span> <span class='ocrx_word' id='word_1_243' title='bbox 749 2251 975 2294; x_wconf 86' lang='lat' dir='ltr'>materiam</span> <span class='ocrx_word' id='word_1_244' title='bbox 1011 2251 1213 2295; x_wconf 87' lang='lat' dir='ltr'>hausisse</span> <span class='ocrx_word' id='word_1_245' title='bbox 1249 2251 1457 2308; x_wconf 90' lang='lat' dir='ltr'>pulchris,</span> <span class='ocrx_word' id='word_1_246' title='bbox 1477 2251 1642 2301; x_wconf 87' lang='lat' dir='ltr'>facetis,</span> <span class='ocrx_word' id='word_1_247' title='bbox 1663 2251 1856 2308; x_wconf 87' lang='lat' dir='ltr'>ingenio-</span> 
     </span>
     <span class='ocr_line' id='line_1_29' title="bbox 167 2325 692 2370; baseline -0.002 0"><span class='ocrx_word' id='word_1_248' title='bbox 167 2325 359 2370; x_wconf 87' lang='lat' dir='ltr'>Sissimis</span> <span class='ocrx_word' id='word_1_249' title='bbox 392 2326 483 2369; x_wconf 91' lang='lat' dir='ltr'>suis</span> <span class='ocrx_word' id='word_1_250' title='bbox 516 2326 692 2370; x_wconf 89' lang='lat' dir='ltr'>fabulis.</span> 
     </span>
    </p>

    <p class='ocr_par' dir='ltr' id='par_1_7' title="bbox 226 2401 1758 2460">
     <span class='ocr_line' id='line_1_30' title="bbox 226 2401 1758 2460; baseline 0.001 -15"><span class='ocrx_word' id='word_1_251' title='bbox 226 2402 348 2445; x_wconf 88' lang='lat' dir='ltr'>Haec</span> <span class='ocrx_word' id='word_1_252' title='bbox 383 2417 557 2460; x_wconf 90' lang='lat' dir='ltr'>quoque</span> <span class='ocrx_word' id='word_1_253' title='bbox 589 2402 791 2459; x_wconf 85' lang='lat' dir='ltr'>quaestio</span> <span class='ocrx_word' id='word_1_254' title='bbox 824 2402 868 2445; x_wconf 91' lang='lat' dir='ltr'>in</span> <span class='ocrx_word' id='word_1_255' title='bbox 903 2402 1102 2458; x_wconf 86' lang='lat' dir='ltr'>proximo</span> <span class='ocrx_word' id='word_1_256' title='bbox 1135 2402 1276 2459; x_wconf 92' lang='lat' dir='ltr'>capite</span> <span class='ocrx_word' id='word_1_257' title='bbox 1310 2402 1454 2446; x_wconf 87' lang='lat' dir='ltr'>fusius</span> <span class='ocrx_word' id='word_1_258' title='bbox 1486 2401 1758 2446; x_wconf 86' lang='lat' dir='ltr'>tractabitur.</span> 
     </span>
    </p>
   </div>
   <div class='ocr_carea' id='block_1_3' title="bbox 178 2511 334 2514">
    <p class='ocr_par' dir='ltr' id='par_1_8' title="bbox 178 2511 334 2514">
     <span class='ocr_line' id='line_1_31' title="bbox 178 2511 334 2514; baseline 0 0"><span class='ocrx_word' id='word_1_259' title='bbox 178 2511 334 2514; x_wconf 95' lang='lat' dir='ltr'> </span> 
     </span>
    </p>
   </div>
   <div class='ocr_carea' id='block_1_4' title="bbox 169 2572 1859 2973">
    <p class='ocr_par' dir='ltr' id='par_1_9' title="bbox 169 2572 1859 2973">
     <span class='ocr_line' id='line_1_32' title="bbox 218 2572 1857 2617; baseline -0.001 -11"><span class='ocrx_word' id='word_1_260' title='bbox 218 2573 241 2615; x_wconf 91' lang='lat'>¹)</span> <span class='ocrx_word' id='word_1_261' title='bbox 268 2572 332 2607; x_wconf 92' lang='lat' dir='ltr'>Bis</span> <span class='ocrx_word' id='word_1_262' title='bbox 366 2573 456 2607; x_wconf 87' lang='lat' dir='ltr'>haec</span> <span class='ocrx_word' id='word_1_263' title='bbox 491 2586 511 2607; x_wconf 86' lang='lat' dir='ltr'>a</span> <span class='ocrx_word' id='word_1_264' title='bbox 538 2574 691 2609; x_wconf 81' lang='lat' dir='ltr'>Socrate</span> <span class='ocrx_word' id='word_1_265' title='bbox 720 2574 849 2609; x_wconf 82' lang='lat' dir='ltr'>dicta‘?</span> <span class='ocrx_word' id='word_1_266' title='bbox 870 2573 954 2608; x_wconf 91' lang='lat' dir='ltr'>Non</span> <span class='ocrx_word' id='word_1_267' title='bbox 979 2573 1199 2608; x_wconf 87' lang='lat' dir='ltr'>incredibile</span> <span class='ocrx_word' id='word_1_268' title='bbox 1225 2576 1284 2608; x_wconf 89' lang='lat' dir='ltr'>est</span> <span class='ocrx_word' id='word_1_269' title='bbox 1310 2574 1516 2612; x_wconf 87' lang='lat' dir='ltr'>Socratem,</span> <span class='ocrx_word' id='word_1_270' title='bbox 1540 2573 1603 2617; x_wconf 86' lang='lat' dir='ltr'>qui</span> <span class='ocrx_word' id='word_1_271' title='bbox 1628 2578 1664 2605; x_wconf 74' lang='grc' dir='ltr'>τὰ</span> <span class='ocrx_word' id='word_1_272' title='bbox 1688 2578 1766 2606; x_wconf 72' lang='grc' dir='ltr'>αὐτὰ</span> <span class='ocrx_word' id='word_1_273' title='bbox 1790 2577 1857 2616; x_wconf 78' lang='grc' dir='ltr'>περὶ</span> 
     </span>
     <span class='ocr_line' id='line_1_33' title="bbox 169 2634 1859 2679; baseline -0.001 -10"><span class='ocrx_word' id='word_1_274' title='bbox 169 2642 227 2666; x_wconf 77' lang='grc' dir='ltr'>τῶν</span> <span class='ocrx_word' id='word_1_275' title='bbox 240 2638 340 2666; x_wconf 83' lang='grc' dir='ltr'><strong>αὐτῶν</strong></span> <span class='ocrx_word' id='word_1_276' title='bbox 363 2634 485 2669; x_wconf 82' lang='lat' dir='ltr'>dicere</span> <span class='ocrx_word' id='word_1_277' title='bbox 510 2635 657 2670; x_wconf 86' lang='lat' dir='ltr'>solebat</span> <span class='ocrx_word' id='word_1_278' title='bbox 683 2638 717 2670; x_wconf 89' lang='lat' dir='ltr'>et</span> <span class='ocrx_word' id='word_1_279' title='bbox 743 2648 891 2679; x_wconf 87' lang='lat' dir='ltr'>semper</span> <span class='ocrx_word' id='word_1_280' title='bbox 915 2635 1033 2670; x_wconf 92' lang='lat' dir='ltr'>isdem</span> <span class='ocrx_word' id='word_1_281' title='bbox 1058 2635 1409 2679; x_wconf 86' lang='lat' dir='ltr'>comparationibus</span> <span class='ocrx_word' id='word_1_282' title='bbox 1430 2637 1466 2670; x_wconf 83' lang='lat' dir='ltr'>et</span> <span class='ocrx_word' id='word_1_283' title='bbox 1479 2634 1659 2679; x_wconf 81' lang='lat' dir='ltr'>exemplis</span> <span class='ocrx_word' id='word_1_284' title='bbox 1673 2634 1859 2673; x_wconf 84' lang='lat' dir='ltr'>utebatur,</span> 
     </span>
     <span class='ocr_line' id='line_1_34' title="bbox 169 2694 1858 2740; baseline 0 -12"><span class='ocrx_word' id='word_1_285' title='bbox 169 2694 322 2739; x_wconf 86' lang='lat' dir='ltr'>saepius</span> <span class='ocrx_word' id='word_1_286' title='bbox 347 2707 458 2730; x_wconf 87' lang='lat' dir='ltr'>casus</span> <span class='ocrx_word' id='word_1_287' title='bbox 484 2695 696 2731; x_wconf 80' lang='lat' dir='ltr'>Palamedis</span> <span class='ocrx_word' id='word_1_288' title='bbox 722 2709 1045 2731; x_wconf 85' lang='lat' dir='ltr'>commemorasse.</span> <span class='ocrx_word' id='word_1_289' title='bbox 1070 2696 1247 2731; x_wconf 79' lang='lat' dir='ltr'>Fortasse</span> <span class='ocrx_word' id='word_1_290' title='bbox 1273 2709 1421 2740; x_wconf 88' lang='lat' dir='ltr'>quoque</span> <span class='ocrx_word' id='word_1_291' title='bbox 1446 2696 1550 2731; x_wconf 88' lang='lat' dir='ltr'>locus</span> <span class='ocrx_word' id='word_1_292' title='bbox 1576 2695 1614 2730; x_wconf 90' lang='lat' dir='ltr'>in</span> <span class='ocrx_word' id='word_1_293' title='bbox 1635 2695 1745 2740; x_wconf 91' lang='lat' dir='ltr'>Apol.</span> <span class='ocrx_word' id='word_1_294' title='bbox 1762 2694 1858 2729; x_wconf 90' lang='lat' dir='ltr'>Xen.</span> 
     </span>
     <span class='ocr_line' id='line_1_35' title="bbox 171 2755 1857 2803; baseline 0 -14"><span class='ocrx_word' id='word_1_295' title='bbox 171 2755 301 2799; x_wconf 87' lang='lat' dir='ltr'>genuit</span> <span class='ocrx_word' id='word_1_296' title='bbox 332 2755 451 2790; x_wconf 90' lang='lat' dir='ltr'>locum</span> <span class='ocrx_word' id='word_1_297' title='bbox 488 2756 525 2790; x_wconf 93' lang='lat' dir='ltr'>in</span> <span class='ocrx_word' id='word_1_298' title='bbox 560 2756 670 2792; x_wconf 89' lang='lat' dir='ltr'>Mem.</span> <span class='ocrx_word' id='word_1_299' title='bbox 705 2760 741 2792; x_wconf 91' lang='lat' dir='ltr'>et</span> <span class='ocrx_word' id='word_1_300' title='bbox 772 2757 1018 2803; x_wconf 86' lang='lat' dir='ltr'>Xenophonti</span> <span class='ocrx_word' id='word_1_301' title='bbox 1046 2757 1152 2792; x_wconf 93' lang='lat' dir='ltr'>illius</span> <span class='ocrx_word' id='word_1_302' title='bbox 1176 2756 1244 2791; x_wconf 87' lang='lat' dir='ltr'>loci</span> <span class='ocrx_word' id='word_1_303' title='bbox 1272 2758 1309 2791; x_wconf 91' lang='lat' dir='ltr'>in</span> <span class='ocrx_word' id='word_1_304' title='bbox 1334 2759 1494 2791; x_wconf 86' lang='lat' dir='ltr'>mentem</span> <span class='ocrx_word' id='word_1_305' title='bbox 1521 2756 1635 2799; x_wconf 81' lang='lat' dir='ltr'>venit,</span> <span class='ocrx_word' id='word_1_306' title='bbox 1659 2768 1740 2790; x_wconf 89' lang='lat' dir='ltr'>cum</span> <span class='ocrx_word' id='word_1_307' title='bbox 1766 2755 1857 2790; x_wconf 85' lang='lat' dir='ltr'>haec</span> 
     </span>
     <span class='ocr_line' id='line_1_36' title="bbox 170 2815 1855 2863; baseline 0.001 -14"><span class='ocrx_word' id='word_1_308' title='bbox 170 2815 361 2855; x_wconf 82' lang='lat' dir='ltr'>scriberet,</span> <span class='ocrx_word' id='word_1_309' title='bbox 386 2818 423 2850; x_wconf 91' lang='lat' dir='ltr'>et</span> <span class='ocrx_word' id='word_1_310' title='bbox 447 2817 658 2863; x_wconf 81' lang='lat' dir='ltr'>exemplum</span> <span class='ocrx_word' id='word_1_311' title='bbox 685 2818 717 2852; x_wconf 89' lang='lat' dir='ltr'>ei</span> <span class='ocrx_word' id='word_1_312' title='bbox 742 2820 872 2861; x_wconf 85' lang='lat' dir='ltr'>aptum</span> <span class='ocrx_word' id='word_1_313' title='bbox 900 2818 1020 2852; x_wconf 90' lang='lat' dir='ltr'>visum</span> <span class='ocrx_word' id='word_1_314' title='bbox 1046 2819 1105 2851; x_wconf 89' lang='lat' dir='ltr'>est</span> <span class='ocrx_word' id='word_1_315' title='bbox 1128 2817 1228 2861; x_wconf 90' lang='lat' dir='ltr'>quod</span> <span class='ocrx_word' id='word_1_316' title='bbox 1252 2817 1506 2861; x_wconf 89' lang='lat' dir='ltr'>disputationi</span> <span class='ocrx_word' id='word_1_317' title='bbox 1535 2817 1727 2852; x_wconf 86' lang='lat' dir='ltr'>insereret.</span> <span class='ocrx_word' id='word_1_318' title='bbox 1751 2816 1855 2858; x_wconf 88' lang='lat' dir='ltr'>Quae</span> 
     </span>
     <span class='ocr_line' id='line_1_37' title="bbox 171 2876 1855 2922; baseline 0.001 -12"><span class='ocrx_word' id='word_1_319' title='bbox 171 2876 336 2921; x_wconf 90' lang='lat' dir='ltr'>suspicio</span> <span class='ocrx_word' id='word_1_320' title='bbox 359 2889 440 2911; x_wconf 89' lang='lat' dir='ltr'>cum</span> <span class='ocrx_word' id='word_1_321' title='bbox 462 2877 548 2912; x_wconf 87' lang='lat' dir='ltr'>aliis</span> <span class='ocrx_word' id='word_1_322' title='bbox 572 2878 702 2912; x_wconf 79' lang='lat' dir='ltr'>mullis</span> <span class='ocrx_word' id='word_1_323' title='bbox 724 2878 1017 2922; x_wconf 85' lang='lat' dir='ltr'>quaestionibus</span> <span class='ocrx_word' id='word_1_324' title='bbox 1039 2877 1239 2912; x_wconf 85' lang='lat' dir='ltr'>tractanda</span> <span class='ocrx_word' id='word_1_325' title='bbox 1263 2890 1338 2912; x_wconf 88' lang='lat' dir='ltr'>non</span> <span class='ocrx_word' id='word_1_326' title='bbox 1361 2877 1518 2922; x_wconf 82' lang='lat' dir='ltr'>indigna</span> <span class='ocrx_word' id='word_1_327' title='bbox 1540 2878 1736 2912; x_wconf 85' lang='lat' dir='ltr'>videbatur</span> <span class='ocrx_word' id='word_1_328' title='bbox 1757 2888 1855 2921; x_wconf 82' lang='lat' dir='ltr'>quae</span> 
     </span>
     <span class='ocr_line' id='line_1_38' title="bbox 169 2939 533 2973; baseline 0.003 -2"><span class='ocrx_word' id='word_1_329' title='bbox 169 2939 533 2973; x_wconf 83' lang='lat' dir='ltr'>commemoraretur.</span> 
     </span>
    </p>
   </div>
  </div>
 </body>
</html>
