2019 3299
1018 188 1074 229 86

180 311 335 355 'durch
369 310 436 354 die
472 309 634 367 Pythia
663 325 743 352 nur
772 309 882 353 nach
911 310 985 353 der
1011 309 1354 352 intellektuellen
1384 308 1515 362 Seite,
1544 307 1611 351 bei
1638 307 1885 364 Xenophon

197 387 272 430 der
302 401 439 443 ganze
475 385 689 429 Sokrates
723 384 1121 428 cha1·akterisiert.’'

259 462 415 518 Neque
463 461 721 504 dubitamus
769 460 872 517 quin
920 460 1143 504 oraculum
1192 461 1306 517 apud
1349 459 1687 516 Xenophontem
1730 458 1887 502 melius

200 542 424 581 servatum
459 536 528 580 sit.

258 613 484 656 Postremo
533 611 668 655 verba
715 617 870 651 πολλῶν
916 614 1130 664 παρόντων
1178 612 1334 651 ἀνεῖλεν
1391 611 1409 651 ὁ
1457 614 1652 651 Ἀπόλλων
1698 608 1886 652 fortasse

199 687 509 744 coniungenda
549 691 651 730 sunt
694 702 790 729 cum
836 686 1087 729 testimonio
1121 686 1425 729 Chaerecratis
1456 685 1567 728 Plat.
1600 683 1729 742 Apol.
1759 684 1811 727 21
1834 683 1888 727 A.

200 763 454 806 Fratremne
487 762 619 805 frater
653 761 886 805 comitatus
920 762 1020 804 est‘?

509 992 538 1048 ἓ
574 961 641 1037 10.
707 992 754 1036 C.
790 992 861 1035 De
908 992 1114 1036 libello
1162 997 1574 1036 accusatorum.

200 1150 328 1207 Apol.
361 1149 475 1193 Xen.
513 1149 579 1193 10.

260 1228 384 1274 οὕτως
437 1225 478 1265 δὲ
524 1227 672 1279 γνόντα
721 1225 842 1265 αὐτὸν
889 1225 981 1275 ἔφη,

200 1303 336 1354 ἐπειδὴ
372 1303 652 1354 κατηγόρησαν
684 1302 810 1341 αὐτοῦ
843 1301 884 1341 οἵ
912 1301 981 1340 ἀν-

200 1380 355 1429 τίδικοι,
387 1378 438 1425 ὡς
472 1376 542 1425 οὓς
576 1376 648 1429 μὲν
681 1376 704 1428 ἡ
732 1378 844 1425 πόλις
874 1378 978 1428 νομί-

201 1457 254 1503 ζει
301 1454 426 1501 θεοὺς
473 1454 520 1493 οὐ
569 1454 738 1504 νομίζοι,
783 1452 893 1505 ἕτερα
941 1452 983 1492 δὲ

200 1530 320 1569 καινὰ
362 1529 553 1580 δαιμόνια
586 1528 764 1580 εἰσφέροι
793 1528 861 1568 καὶ
892 1529 984 1576 τοὺς

199 1604 315 1653 νέους
328 1606 426 1655 διαφ
435 1605 574 1657 θείροι,
584 1604 838 1656 παρελθόντα
850 1604 985 1643 εἰπεῖν.

1108 1148 1237 1206 Apol.
1271 1148 1382 1192 Plat.
1415 1148 1539 1192 2413.

1166 1250 1217 1254 -
1253 1228 1435 1278 λάβωμεν
1467 1221 1518 1265 αὖ
1552 1225 1622 1276 τὴν
1653 1226 1802 1265 τούτων
1820 1224 1887 1264 ἀν-

1107 1303 1317 1352 τωμοσίαν,
1345 1302 1418 1353 ἔχει
1451 1301 1493 1341 δέ
1516 1314 1603 1341 πωσ
1620 1296 1707 1341 ὦδε·
1725 1301 1889 1353 Σωκρά-

1108 1394 1153 1429 τη
1200 1377 1321 1429 φησὶν
1371 1377 1525 1417 ἀδικεῖν
1572 1378 1664 1424 τούς
1705 1392 1743 1416 τε
1774 1376 1890 1424 νέους

1110 1454 1400 1504 διαφθείροντα
1456 1452 1522 1492 καὶ
1581 1452 1704 1500 θεοὺς
1750 1450 1819 1499 οὓς
1865 1449 1889 1502 ἡ

1109 1530 1222 1576 πόλις
1262 1530 1410 1580 νομίζει
1445 1529 1493 1568 οὐ
1527 1529 1753 1579 νομίζοντα,
1783 1525 1891 1579 ἕτερα

1112 1602 1153 1643 δὲ
1186 1604 1376 1655 δαιμόνια
1407 1604 1539 1643 καινά.

260 1756 380 1813 Inter
410 1755 575 1800 similia
610 1755 934 1799 numerandum
953 1761 1015 1799 est
1036 1756 1119 1799 hoc
1144 1771 1332 1813 quoque,
1360 1755 1475 1812 quod
1494 1760 1676 1812 uterque
1694 1754 1890 1811 scriptor,

201 1848 299 1875 cum
332 1832 386 1875 ad
416 1831 731 1875 refutationem
766 1836 1028 1888 perventum
1056 1831 1126 1881 sit,
1146 1831 1471 1875 accusationem
1490 1829 1744 1888 praemittit.
1762 1829 1892 1886 Apud

204 1907 544 1964 Xenophontem
596 1907 690 1965 ipse
738 1907 926 1964 scriptor
974 1923 1069 1951 eam
1119 1912 1445 1957 commemorat,
1494 1907 1609 1964 apud
1661 1908 1891 1953 Platonem

203 1999 318 2027 reus.
351 1983 466 2026 Illud
502 1982 752 2026 mirandum
786 1998 872 2026 non
907 1987 993 2032 est;
1027 1983 1110 2026 hoc
1140 1984 1330 2027 fortasse
1368 1982 1597 2039 displicere
1630 1987 1787 2039 potest.

264 2059 408 2115 Vulgo
455 2058 587 2108 enim,
640 2063 685 2101 ut
732 2058 900 2115 opinor,
946 2058 1007 2101 rei
1055 2074 1141 2101 non
1189 2059 1389 2102 solebant
1438 2058 1654 2102 iudicibus
1695 2058 1891 2109 crimina,

203 2135 332 2192 quasi
371 2134 522 2190 ignota
562 2139 726 2184 essent,
772 2134 814 2177 in
863 2134 1122 2178 memoriam
1150 2135 1359 2191 redigere.
1387 2134 1433 2178 Id
1466 2135 1609 2192 ipsum
1643 2134 1774 2191 igitur
1803 2134 1890 2178 iam

207 2210 503 2268 suspicionem
552 2225 726 2252 movere
776 2214 932 2266 potest.
981 2210 1123 2267 Magis
1170 2215 1316 2254 autem
1359 2210 1441 2253 hoc
1482 2211 1602 2253 decet
1635 2209 1890 2267 scriptorem

201 2289 523 2342 posteriorem,
557 2285 702 2341 qualis
720 2285 849 2329 Plato
883 2290 991 2335 erat,
1025 2285 1099 2343 qui
1132 2285 1173 2328 in
1208 2285 1413 2342 apologia
1443 2285 1622 2328 liberius
1651 2285 1895 2342 composita

205 2362 259 2405 ad
304 2364 527 2418 aequales
566 2377 612 2405 se
654 2363 950 2412 convertebat,
986 2367 1030 2405 ut
1062 2362 1322 2405 docerentur
1352 2362 1536 2405 lectores
1567 2377 1785 2419 quaenam
1818 2361 1895 2405 illa

205 2437 431 2482 accusatio
465 2442 596 2481 esset.
629 2437 683 2480 Et
716 2438 822 2482 haec
856 2438 1045 2482 fortasse
1073 2453 1208 2481 causa
1227 2442 1319 2481 erat
1336 2437 1450 2494 quod
1469 2453 1522 2481 ea
1539 2437 1894 2481 defensionitota

204 2513 486 2556 insereretur.
533 2512 767 2556 Praeterea
806 2513 907 2556 huic
949 2512 1179 2556 criminum
1213 2512 1620 2556 commemorationi
1654 2512 1893 2556 novitatem

206 2588 442 2637 adimebat,
486 2587 545 2630 ita
583 2593 628 2630 ut
661 2603 746 2630 non
781 2588 960 2632 insolita
993 2604 1132 2645 neque
1167 2588 1377 2631 inusitate
1407 2588 1637 2638 videretur,
1666 2588 1760 2638 hoc,
1778 2588 1892 2645 quod

207 2664 495 2708 antecedebat
531 2663 671 2707 altera
714 2663 941 2708 accusatio
974 2664 1028 2707 ab
1062 2663 1157 2721 ipso
1190 2679 1263 2707 reo
1298 2664 1443 2707 verbis
1475 2663 1697 2721 conceptis
1724 2678 1894 2720 compo·

209 2739 294 2784 sita
327 2739 455 2797 quasi
492 2738 713 2796 quoddam
747 2739 1039 2783 iuramentum
1074 2739 1263 2796 partium
1300 2739 1429 2784 1913:
1463 2742 1592 2793 ὥσπερ
1624 2736 1698 2780 οὖν
1729 2742 1894 2793 κατηγό-

208 2833 288 2868 ρων
315 2817 386 2867 τὴν
416 2815 671 2866 ἀντωμοσίαν
699 2818 763 2855 δεῖ
784 2816 1016 2869 ἀναγνῶναι
1048 2817 1192 2856 αὐτῶν·
1227 2819 1446 2868 Σωκράτης
1479 2816 1614 2856 ἀδικεῖ
1640 2815 1706 2855 καὶ
1737 2831 1893 2868 περιερ-

206 2893 359 2945 γάζεται
399 2893 523 2942 ζητῶν
564 2892 609 2930 τά
652 2907 690 2930 τε
725 2892 801 2931 ὑπὸ
833 2899 906 2944 γῆς
938 2891 1004 2930 καὶ
1037 2892 1223 2943 οὐράνια,
1253 2892 1319 2930 καὶ
1352 2892 1418 2931 τὸν
1450 2893 1550 2943 «ἥττω
1583 2893 1702 2944 λόγον
1733 2892 1891 2943 κρείττω

206 2974 346 3018 ποιῶν,
374 2966 440 3006 καὶ
470 2966 613 3014 ἄλλους
649 2967 771 3007 ταύτὰ
802 2974 923 3006 ταῦτα
956 2969 1169 3007 διδάσκων·
1201 2969 1362 3019 τοιαύτη
1395 2969 1450 3015 τίς
1478 2968 1594 3008 ἐστιν.
1621 2965 1687 3010 Ea
1705 2980 1892 3023 quoque,
