2019 3299
903 178 955 222 13

151 300 235 344 Sed
277 299 364 343 iam
405 299 476 342 diu
519 314 667 342 vereor
709 314 761 342 ne
803 299 1041 355 disputatio
1075 303 1226 341 nostra
1258 303 1298 341 et
1332 300 1602 343 enumeratio
1636 302 1766 345 nimis

92 374 270 432 copiosa
301 379 339 417 et
371 374 485 417 iusto
517 374 686 430 longior
717 374 805 417 fiat.
829 373 965 429 Igitur
989 389 1152 428 paucos
1179 373 1310 416 etiam
1338 374 1457 417 locos
1476 374 1766 419 indicabimus

92 466 202 507 quos
238 449 330 505 ipse
363 449 496 492 lector
529 448 769 491 benevolus
801 453 842 491 et
876 448 1006 491 huius
1033 448 1304 505 quaestionis
1332 464 1419 491 non
1447 448 1694 494 incuriosus
1715 478 1764 483 —

94 524 221 568 ceteri
253 539 338 567 non
372 524 586 567 curabunt
621 550 686 572 —‚
722 523 922 578 inspiciat
957 523 1100 566 velim.
1135 523 1264 566 Mem.
1295 523 1326 565 I.
1354 524 1394 565 2.
1422 525 1767 569 9—1001·imina

93 604 334 643 tractantur
364 614 476 656 quae
508 599 563 642 ab
591 597 855 641 adversariis
881 597 923 640 in
953 597 1179 641 Socratem
1199 597 1544 654 proferebantur.
1562 599 1768 644 Defensio

93 673 400 731 Xenophontis
432 673 558 716 nobis
589 674 825 717 admodum
859 672 1028 716 infirma
1064 673 1246 716 videtur.
1280 673 1436 730 Neque
1469 674 1500 716 I.
1529 675 1569 718 2.
1592 675 1767 719 49—55

93 749 310 805 redarguit
342 748 589 804 Xenophon
623 748 941 797 accusationes,
972 763 1121 791 verum
1150 748 1378 791 confitetur
1405 748 1511 792 talia
1542 765 1637 793 esse
1656 750 1767 794 dicta

94 840 120 868 a
164 825 356 868 Socrate.
406 824 530 867 Patet
576 823 706 879 igitur
752 838 836 866 uon
886 823 986 867 ficta
1030 838 1126 866 esse
1172 823 1523 866 adversariorum
1571 825 1768 890 crimina,

93 900 252 957 quibus
279 898 404 942 nobis
431 897 679 954 depingitur
705 898 836 940 homo
863 897 997 941 durus
1025 897 1302 941 etfanaticus
1321 913 1460 955 neque
1485 898 1597 942 lenis
1630 915 1768 957 neque

94 975 258 1019 suavis.
292 974 435 1025 Quare
468 973 748 1016 acerbitatem
782 977 822 1016 et
854 972 1056 1015 duritiam
1092 972 1185 1015 eius
1217 988 1270 1015 ne
1297 973 1460 1016 diutius
1488 974 1709 1018 miremur.

150 1051 257 1094 Item
300 1043 412 1093 113.
455 1049 482 1091 4
524 1049 759 1105 superbum
799 1053 840 1091 et
874 1047 1113 1092 fanaticum
1147 1052 1343 1091 nostrum
1378 1048 1601 1093 Socratem
1637 1066 1766 1107 agno·

94 1125 278 1174 scimus;
318 1125 373 1168 Π.
420 1125 455 1167 1.
501 1125 552 1167 15
590 1123 858 1180 comparatio
901 1138 986 1166 non
1030 1123 1263 1166 admodum
1314 1124 1549 1173 bevevola;
1582 1125 1635 1169 Π.
1669 1127 1709 1169 2.
1744 1127 1766 1169 7

95 1201 224 1258 paulo
264 1199 466 1244 acerbius
506 1199 696 1255 loquitur
739 1214 835 1242 cum
870 1198 979 1247 fili0;
1014 1198 1113 1241 item
1149 1198 1202 1242 ΙΙ.
1235 1199 1274 1241 2.
1314 1200 1387 1245 102
1422 1199 1497 1242 IV.
1529 1200 1569 1242 4.
1603 1202 1629 1243 9
1663 1201 1770 1243 deri-

94 1277 192 1320 dere
219 1275 376 1319 stultos
404 1274 604 1318 homines
632 1274 817 1318 solebat.
846 1274 1073 1318 Postremo
1113 1274 1186 1317 IV.
1214 1275 1253 1317 2.
1272 1276 1327 1318 39
1347 1275 1551 1319 Socrates
1570 1276 1770 1320 homines

95 1356 230 1395 semet
271 1350 391 1408 ipsos
433 1355 711 1394 contemnere
744 1349 881 1405 cogit;
915 1349 1116 1392 homines
1148 1355 1292 1393 autem
1326 1366 1459 1407 saepe
1492 1351 1661 1395 Socrati
1692 1352 1770 1395 ira-

94 1432 288 1470 scuntur.
335 1425 459 1469 Multi
505 1441 616 1482 quos
657 1425 856 1468 similiter
896 1430 1026 1482 atque
1069 1425 1394 1482 Euthydemum
1438 1427 1591 1470 aceibe
1639 1443 1770 1483 saepe

96 1518 235 1560 neque
267 1501 361 1545 sine
387 1500 561 1550 duritia,
587 1501 640 1543 ad
669 1500 825 1543 incitas
851 1500 1074 1556 redegisse
1101 1501 1322 1556 putandus
1349 1506 1428 1549 est,
1457 1503 1772 1545 consuetudine

95 1578 189 1621 eius
229 1592 373 1620 carere
416 1575 638 1619 malebant
682 1591 822 1633 neque
855 1575 1044 1632 amplius
1077 1591 1175 1619 eum
1210 1576 1532 1620 comitabantur
1564 1582 1604 1620 et
1636 1582 1770 1621 secta-

97 1655 266 1702 bantur,
314 1667 424 1709 quos
470 1655 617 1694 autem
666 1650 870 1694 Socrates
918 1652 1179 1704 βλοκοτέρους
1221 1653 1413 1703 ἐνομίζεν,
1455 1652 1528 1709 qui
1572 1653 1771 1696 homines

96 1727 413 1772 annumerandi
453 1732 555 1770 sunt
597 1725 659 1770 eis
707 1742 816 1783 quos
857 1731 985 1770 notos
1027 1727 1241 1771 habemus
1286 1743 1337 1771 ex
1380 1727 1561 1772 Theaet.
1615 1728 1694 1770 151
1725 1727 1770 1774 C.

95 1804 222 1860 Apol.
253 1804 308 1847 37
328 1802 373 1847 C.
394 1803 444 1845 D.

212 2033 236 2079 ᾖ
265 2035 301 2069 4.
358 2033 421 2068 DE
449 2032 701 2069 SOCRATIS
728 2032 1001 2069 PLATONlCI
1029 2032 1300 2076 SUPERBIA,
1330 2032 1665 2076 ACERBITATE,

816 2102 1045 2138 DURlTIA.

129 2253 199 2295 ‘In
247 2250 546 2309 superioribus
593 2250 881 2308 paragraphis
928 2250 1014 2294 iam
1077 2251 1184 2294 locis
1232 2251 1455 2295 nonnullis
1505 2267 1526 2294 e
1578 2252 1774 2296 Platonis

94 2328 278 2384 dialogis
301 2327 445 2372 allatis
468 2327 720 2371 testimonia
745 2328 930 2371 aliorum
960 2327 1222 2384 scriptorum
1250 2328 1581 2372 affirmavimus.
1605 2327 1773 2371 Tamen

95 2404 206 2447 hanc
245 2403 424 2447 fanatici
462 2404 599 2447 nostri
631 2403 929 2454 acerbitatem,
963 2404 1262 2460 asperitatem,
1295 2404 1500 2448 duritiam
1534 2419 1560 2447 a
1591 2404 1774 2447 Platone

92 2494 223 2536 quam
259 2479 446 2523 maxime
479 2494 576 2522 esse
609 2479 887 2522 obscuratam
923 2484 963 2521 et
995 2479 1234 2535 sepositam
1267 2484 1364 2536 post
1399 2479 1657 2522 videbimus.
1694 2479 1775 2522 Hic

94 2558 239 2597 autem
287 2558 418 2611 atque
465 2553 550 2596 illic
597 2553 768 2603 dilucet,
807 2558 848 2596 et
878 2554 993 2610 apud
1025 2554 1268 2603 Platonem,
1304 2569 1432 2597 verus
1465 2553 1668 2597 Socrates
1701 2554 1775 2610 qui

93 2644 177 2672 non
225 2644 399 2685 semper
443 2628 738 2672 urbanitatem
787 2633 825 2671 et
875 2629 1227 2672 benevolentiam
1262 2634 1302 2671 et
1334 2629 1559 2672 lenitatem
1594 2644 1696 2685 prae
1729 2645 1774 2672 se

94 2703 186 2747 fert.
222 2704 367 2747 Verba
412 2704 499 2750 illa,
548 2703 774 2747 simillima
820 2703 1045 2751 conviciis,
1094 2719 1206 2760 quae
1240 2704 1366 2747 nobis
1397 2719 1448 2747 ex
1480 2704 1775 2761 Aristophane

93 2783 133 2820 et
165 2778 457 2834 Xenophonte
490 2778 720 2821 notissima
751 2783 866 2827 sunt,
900 2778 1060 2835 quibus
1093 2779 1200 2822 satis
1233 2779 1386 2822 acerbe
1416 2779 1520 2822 vitia
1548 2779 1772 2822 hominum

95 2853 379 2909 perstringere
426 2853 608 2902 solebat,
658 2855 799 2901 δοῦλος
846 2853 940 2896 dico
986 2858 1027 2896 et
1075 2854 1332 2905 ἀνδράποδον
1379 2860 1418 2896 et
1460 2855 1775 2906 ἀνδραποδώδης

92 2928 206 2983 apud
240 2927 465 2970 Platonem
500 2943 672 2984 quoque
705 2927 747 2970 in
776 2927 1148 2983 disputationibus
1176 2943 1505 2984 nonnumquam
1531 2934 1775 2971 occurrunt.
