<?xml version="1.0" encoding="UTF-8"?>
<!DOCTYPE html PUBLIC "-//W3C//DTD XHTML 1.0 Transitional//EN"
    "http://www.w3.org/TR/xhtml1/DTD/xhtml1-transitional.dtd">
<html xmlns="http://www.w3.org/1999/xhtml" xml:lang="en" lang="en">
 <head>
  <title>
</title>
<meta http-equiv="Content-Type" content="text/html;charset=utf-8" />
  <meta name='ocr-system' content='tesseract 3.04.00' />
  <meta name='ocr-capabilities' content='ocr_page ocr_carea ocr_par ocr_line ocrx_word'/>
</head>
<body>
  <div class='ocr_page' id='page_1' title='image "./deapologiaxenoph00vrijuoft_0161.png"; bbox 0 0 2019 3299; ppageno 0'>
   <div class='ocr_carea' id='block_1_1' title="bbox 898 193 976 236">
    <p class='ocr_par' dir='ltr' id='par_1_1' title="bbox 898 193 976 236">
     <span class='ocr_line' id='line_1_1' title="bbox 898 193 976 236; baseline 0 -1"><span class='ocrx_word' id='word_1_1' title='bbox 898 193 976 236; x_wconf 85' lang='lat'>137</span> 
     </span>
    </p>
   </div>
   <div class='ocr_carea' id='block_1_2' title="bbox 85 312 1771 2996">
    <p class='ocr_par' dir='ltr' id='par_1_2' title="bbox 89 312 1771 669">
     <span class='ocr_line' id='line_1_2' title="bbox 91 312 1770 372; baseline -0.003 -12"><span class='ocrx_word' id='word_1_2' title='bbox 91 316 345 364; x_wconf 84' lang='lat' dir='ltr'>Ausdruck;</span> <span class='ocrx_word' id='word_1_3' title='bbox 393 317 489 360; x_wconf 89' lang='lat' dir='ltr'>eine</span> <span class='ocrx_word' id='word_1_4' title='bbox 538 316 744 371; x_wconf 75' lang='lat' dir='ltr'>gottliche</span> <span class='ocrx_word' id='word_1_5' title='bbox 792 315 1056 372; x_wconf 85' lang='lat' dir='ltr'>Inspiration</span> <span class='ocrx_word' id='word_1_6' title='bbox 1108 315 1179 357; x_wconf 81' lang='lat' dir='ltr'>hat</span> <span class='ocrx_word' id='word_1_7' title='bbox 1226 330 1271 357; x_wconf 89' lang='lat' dir='ltr'>er</span> <span class='ocrx_word' id='word_1_8' title='bbox 1311 313 1443 357; x_wconf 86' lang='lat' dir='ltr'>damit</span> <span class='ocrx_word' id='word_1_9' title='bbox 1485 313 1577 356; x_wconf 86' lang='lat' dir='ltr'>sich</span> <span class='ocrx_word' id='word_1_10' title='bbox 1610 312 1770 368; x_wconf 84' lang='lat' dir='ltr'>gewisz</span> 
     </span>
     <span class='ocr_line' id='line_1_3' title="bbox 90 387 1768 439; baseline -0.002 -6"><span class='ocrx_word' id='word_1_11' title='bbox 90 390 206 434; x_wconf 88' lang='lat' dir='ltr'>nicht</span> <span class='ocrx_word' id='word_1_12' title='bbox 249 391 534 434; x_wconf 76' lang='lat' dir='ltr'>zusclireiben</span> <span class='ocrx_word' id='word_1_13' title='bbox 581 391 752 439; x_wconf 90' lang='lat' dir='ltr'>wollen,</span> <span class='ocrx_word' id='word_1_14' title='bbox 798 406 923 433; x_wconf 90' lang='lat' dir='ltr'>wenn</span> <span class='ocrx_word' id='word_1_15' title='bbox 958 405 1003 432; x_wconf 93' lang='lat' dir='ltr'>er</span> <span class='ocrx_word' id='word_1_16' title='bbox 1035 390 1146 433; x_wconf 82' lang='lat' dir='ltr'>auch</span> <span class='ocrx_word' id='word_1_17' title='bbox 1182 389 1238 431; x_wconf 92' lang='lat' dir='ltr'>im</span> <span class='ocrx_word' id='word_1_18' title='bbox 1273 389 1458 431; x_wconf 88' lang='lat' dir='ltr'>Scherze</span> <span class='ocrx_word' id='word_1_19' title='bbox 1491 388 1626 431; x_wconf 81' lang='lat' dir='ltr'>daran</span> <span class='ocrx_word' id='word_1_20' title='bbox 1662 387 1768 430; x_wconf 87' lang='lat' dir='ltr'>erin—</span> 
     </span>
     <span class='ocr_line' id='line_1_4' title="bbox 90 462 1770 520; baseline -0.002 -13"><span class='ocrx_word' id='word_1_21' title='bbox 90 470 198 520; x_wconf 87' lang='lat' dir='ltr'>nert,</span> <span class='ocrx_word' id='word_1_22' title='bbox 242 465 344 508; x_wconf 77' lang='lat' dir='ltr'>dasz</span> <span class='ocrx_word' id='word_1_23' title='bbox 395 465 556 508; x_wconf 89' lang='lat' dir='ltr'>Homer</span> <span class='ocrx_word' id='word_1_24' title='bbox 602 465 683 507; x_wconf 92' lang='lat' dir='ltr'>den</span> <span class='ocrx_word' id='word_1_25' title='bbox 731 464 1003 508; x_wconf 88' lang='lat' dir='ltr'>Sterbenden</span> <span class='ocrx_word' id='word_1_26' title='bbox 1052 464 1114 506; x_wconf 87' lang='lat' dir='ltr'>oft</span> <span class='ocrx_word' id='word_1_27' title='bbox 1163 463 1229 506; x_wconf 90' lang='lat' dir='ltr'>die</span> <span class='ocrx_word' id='word_1_28' title='bbox 1264 463 1385 506; x_wconf 88' lang='lat' dir='ltr'>Gabe</span> <span class='ocrx_word' id='word_1_29' title='bbox 1418 462 1591 518; x_wconf 86' lang='lat' dir='ltr'>beilegt‚</span> <span class='ocrx_word' id='word_1_30' title='bbox 1626 462 1668 504; x_wconf 94' lang='lat' dir='ltr'>in</span> <span class='ocrx_word' id='word_1_31' title='bbox 1701 462 1770 505; x_wconf 92' lang='lat' dir='ltr'>die</span> 
     </span>
     <span class='ocr_line' id='line_1_5' title="bbox 89 530 1771 595; baseline -0.002 -13"><span class='ocrx_word' id='word_1_32' title='bbox 89 539 282 582; x_wconf 89' lang='lat' dir='ltr'>Zukunft</span> <span class='ocrx_word' id='word_1_33' title='bbox 311 555 363 582; x_wconf 90' lang='lat' dir='ltr'>zu</span> <span class='ocrx_word' id='word_1_34' title='bbox 398 540 584 582; x_wconf 87' lang='lat' dir='ltr'>blicken.</span> <span class='ocrx_word' id='word_1_35' title='bbox 621 530 862 582; x_wconf 56' lang='lat' dir='ltr'>Ahnlicher</span> <span class='ocrx_word' id='word_1_36' title='bbox 884 538 1327 595; x_wconf 82' lang='lat' dir='ltr'>„Prophezeiungen”</span> <span class='ocrx_word' id='word_1_37' title='bbox 1347 538 1421 581; x_wconf 87' lang='lat' dir='ltr'>hat</span> <span class='ocrx_word' id='word_1_38' title='bbox 1439 537 1530 580; x_wconf 79' lang='lat' dir='ltr'>sich</span> <span class='ocrx_word' id='word_1_39' title='bbox 1551 536 1771 580; x_wconf 88' lang='lat' dir='ltr'>veilleicht</span> 
     </span>
     <span class='ocr_line' id='line_1_6' title="bbox 89 612 1357 669; baseline -0.002 -13"><span class='ocrx_word' id='word_1_40' title='bbox 89 613 295 657; x_wconf 86' lang='lat' dir='ltr'>mancher</span> <span class='ocrx_word' id='word_1_41' title='bbox 327 630 412 657; x_wconf 90' lang='lat' dir='ltr'>von</span> <span class='ocrx_word' id='word_1_42' title='bbox 446 630 527 657; x_wconf 84' lang='lat' dir='ltr'>uns</span> <span class='ocrx_word' id='word_1_43' title='bbox 559 614 670 657; x_wconf 84' lang='lat' dir='ltr'>auch</span> <span class='ocrx_word' id='word_1_44' title='bbox 703 614 839 656; x_wconf 84' lang='lat' dir='ltr'>schon</span> <span class='ocrx_word' id='word_1_45' title='bbox 874 614 1073 669; x_wconf 76' lang='lat' dir='ltr'>schuldig</span> <span class='ocrx_word' id='word_1_46' title='bbox 1111 612 1357 669; x_wconf 82' lang='lat' dir='ltr'>gemacht”.</span> 
     </span>
    </p>

    <p class='ocr_par' dir='ltr' id='par_1_3' title="bbox 88 686 1771 969">
     <span class='ocr_line' id='line_1_7' title="bbox 149 686 1770 743; baseline -0.002 -12"><span class='ocrx_word' id='word_1_47' title='bbox 149 689 278 732; x_wconf 83' lang='lat' dir='ltr'>Haud</span> <span class='ocrx_word' id='word_1_48' title='bbox 310 688 400 731; x_wconf 86' lang='lat' dir='ltr'>scio</span> <span class='ocrx_word' id='word_1_49' title='bbox 433 704 486 732; x_wconf 87' lang='lat' dir='ltr'>au</span> <span class='ocrx_word' id='word_1_50' title='bbox 517 703 568 731; x_wconf 89' lang='lat' dir='ltr'>ex</span> <span class='ocrx_word' id='word_1_51' title='bbox 595 687 781 743; x_wconf 81' lang='lat' dir='ltr'>dialogis</span> <span class='ocrx_word' id='word_1_52' title='bbox 808 688 1008 731; x_wconf 86' lang='lat' dir='ltr'>Platonis</span> <span class='ocrx_word' id='word_1_53' title='bbox 1037 693 1189 731; x_wconf 83' lang='lat' dir='ltr'>contra</span> <span class='ocrx_word' id='word_1_54' title='bbox 1218 688 1330 730; x_wconf 84' lang='lat' dir='ltr'>hanc</span> <span class='ocrx_word' id='word_1_55' title='bbox 1354 686 1619 742; x_wconf 82' lang='lat' dir='ltr'>opinionem,</span> <span class='ocrx_word' id='word_1_56' title='bbox 1639 701 1770 742; x_wconf 76' lang='lat' dir='ltr'>quani</span> 
     </span>
     <span class='ocr_line' id='line_1_8' title="bbox 90 760 1771 819; baseline -0.002 -13"><span class='ocrx_word' id='word_1_57' title='bbox 90 763 131 806; x_wconf 93' lang='lat' dir='ltr'>in</span> <span class='ocrx_word' id='word_1_58' title='bbox 180 763 344 806; x_wconf 75' lang='lat' dir='ltr'><strong>ultimis</strong></span> <span class='ocrx_word' id='word_1_59' title='bbox 390 763 590 806; x_wconf 89' lang='lat' dir='ltr'>Wetzelii</span> <span class='ocrx_word' id='word_1_60' title='bbox 639 763 784 806; x_wconf 85' lang='lat' dir='ltr'>verbis</span> <span class='ocrx_word' id='word_1_61' title='bbox 831 763 1017 819; x_wconf 81' lang='lat' dir='ltr'>legimus</span> <span class='ocrx_word' id='word_1_62' title='bbox 1053 790 1101 794; x_wconf 97' lang='lat'>—</span> <span class='ocrx_word' id='word_1_63' title='bbox 1137 763 1345 818; x_wconf 76' lang='lat' dir='ltr'>gottliche</span> <span class='ocrx_word' id='word_1_64' title='bbox 1387 760 1651 817; x_wconf 82' lang='lat' dir='ltr'>Inspiration</span> <span class='ocrx_word' id='word_1_65' title='bbox 1696 760 1771 803; x_wconf 80' lang='lat' dir='ltr'>hat</span> 
     </span>
     <span class='ocr_line' id='line_1_9' title="bbox 89 835 1770 891; baseline -0.002 -11"><span class='ocrx_word' id='word_1_66' title='bbox 89 853 133 880; x_wconf 90' lang='lat' dir='ltr'>er</span> <span class='ocrx_word' id='word_1_67' title='bbox 178 838 272 881; x_wconf 88' lang='lat' dir='ltr'>sich</span> <span class='ocrx_word' id='word_1_68' title='bbox 318 838 433 880; x_wconf 89' lang='lat' dir='ltr'>nicht</span> <span class='ocrx_word' id='word_1_69' title='bbox 481 836 763 881; x_wconf 85' lang='lat' dir='ltr'>zuschreiben</span> <span class='ocrx_word' id='word_1_70' title='bbox 810 838 965 880; x_wconf 86' lang='lat' dir='ltr'>wollen</span> <span class='ocrx_word' id='word_1_71' title='bbox 1018 864 1085 886; x_wconf 93' lang='lat'>—,</span> <span class='ocrx_word' id='word_1_72' title='bbox 1129 837 1342 879; x_wconf 87' lang='lat' dir='ltr'>nonnulla</span> <span class='ocrx_word' id='word_1_73' title='bbox 1388 840 1648 891; x_wconf 83' lang='lat' dir='ltr'>argumenta</span> <span class='ocrx_word' id='word_1_74' title='bbox 1680 835 1770 878; x_wconf 89' lang='lat' dir='ltr'>erui</span> 
     </span>
     <span class='ocr_line' id='line_1_10' title="bbox 88 911 1453 969; baseline -0.002 -13"><span class='ocrx_word' id='word_1_75' title='bbox 88 913 272 969; x_wconf 86' lang='lat' dir='ltr'>possint.</span> <span class='ocrx_word' id='word_1_76' title='bbox 304 912 445 956; x_wconf 88' lang='lat' dir='ltr'>Simul</span> <span class='ocrx_word' id='word_1_77' title='bbox 477 917 622 956; x_wconf 84' lang='lat' dir='ltr'>autem</span> <span class='ocrx_word' id='word_1_78' title='bbox 658 912 887 956; x_wconf 77' lang='lat' dir='ltr'>Kaibelius</span> <span class='ocrx_word' id='word_1_79' title='bbox 921 912 1048 955; x_wconf 84' lang='lat' dir='ltr'>nobis</span> <span class='ocrx_word' id='word_1_80' title='bbox 1081 911 1342 954; x_wconf 81' lang='lat' dir='ltr'>refutandus</span> <span class='ocrx_word' id='word_1_81' title='bbox 1375 914 1453 953; x_wconf 77' lang='lat' dir='ltr'>est.</span> 
     </span>
    </p>

    <p class='ocr_par' dir='ltr' id='par_1_4' title="bbox 87 984 1770 1341">
     <span class='ocr_line' id='line_1_11' title="bbox 146 984 1770 1044; baseline -0.002 -14"><span class='ocrx_word' id='word_1_82' title='bbox 146 987 194 1030; x_wconf 93' lang='lat' dir='ltr'>In</span> <span class='ocrx_word' id='word_1_83' title='bbox 225 988 367 1044; x_wconf 80' lang='lat' dir='ltr'>capite</span> <span class='ocrx_word' id='word_1_84' title='bbox 398 987 590 1030; x_wconf 86' lang='lat' dir='ltr'>secundo</span> <span class='ocrx_word' id='word_1_85' title='bbox 624 987 814 1030; x_wconf 78' lang='lat' dir='ltr'>vidimus</span> <span class='ocrx_word' id='word_1_86' title='bbox 846 993 984 1030; x_wconf 87' lang='lat' dir='ltr'>artem</span> <span class='ocrx_word' id='word_1_87' title='bbox 1016 985 1340 1030; x_wconf 81' lang='lat' dir='ltr'>vaticinationis</span> <span class='ocrx_word' id='word_1_88' title='bbox 1359 984 1770 1041; x_wconf 83' lang='lat' dir='ltr'>exerceriquodam-</span> 
     </span>
     <span class='ocr_line' id='line_1_12' title="bbox 88 1059 1769 1118; baseline -0.004 -11"><span class='ocrx_word' id='word_1_89' title='bbox 88 1064 215 1107; x_wconf 89' lang='lat' dir='ltr'>modo</span> <span class='ocrx_word' id='word_1_90' title='bbox 252 1079 279 1107; x_wconf 83' lang='lat' dir='ltr'>a</span> <span class='ocrx_word' id='word_1_91' title='bbox 309 1063 503 1107; x_wconf 85' lang='lat' dir='ltr'>Socrate.</span> <span class='ocrx_word' id='word_1_92' title='bbox 537 1063 714 1106; x_wconf 79' lang='lat' dir='ltr'>Praeter</span> <span class='ocrx_word' id='word_1_93' title='bbox 744 1063 887 1106; x_wconf 91' lang='lat' dir='ltr'>locum</span> <span class='ocrx_word' id='word_1_94' title='bbox 922 1078 974 1105; x_wconf 89' lang='lat' dir='ltr'>ex</span> <span class='ocrx_word' id='word_1_95' title='bbox 1007 1062 1234 1105; x_wconf 78' lang='lat' dir='ltr'>Alcibiade</span> <span class='ocrx_word' id='word_1_96' title='bbox 1261 1061 1403 1118; x_wconf 90' lang='lat' dir='ltr'>priore</span> <span class='ocrx_word' id='word_1_97' title='bbox 1437 1059 1519 1102; x_wconf 73' lang='lat'>124</span> <span class='ocrx_word' id='word_1_98' title='bbox 1536 1059 1581 1103; x_wconf 86' lang='lat' dir='ltr'>C.</span> <span class='ocrx_word' id='word_1_99' title='bbox 1606 1061 1686 1103; x_wconf 82' lang='lat'>105</span> <span class='ocrx_word' id='word_1_100' title='bbox 1705 1059 1769 1107; x_wconf 63' lang='lat' dir='ltr'>E„</span> 
     </span>
     <span class='ocr_line' id='line_1_13' title="bbox 89 1135 1769 1194; baseline -0.002 -13"><span class='ocrx_word' id='word_1_101' title='bbox 89 1137 161 1181; x_wconf 93' lang='lat' dir='ltr'>ubi</span> <span class='ocrx_word' id='word_1_102' title='bbox 207 1138 287 1182; x_wconf 91' lang='lat' dir='ltr'>deo</span> <span class='ocrx_word' id='word_1_103' title='bbox 334 1138 401 1181; x_wconf 90' lang='lat' dir='ltr'>vel</span> <span class='ocrx_word' id='word_1_104' title='bbox 447 1139 679 1182; x_wconf 89' lang='lat' dir='ltr'>daemonio</span> <span class='ocrx_word' id='word_1_105' title='bbox 716 1138 853 1182; x_wconf 88' lang='lat' dir='ltr'>fretus</span> <span class='ocrx_word' id='word_1_106' title='bbox 887 1138 1036 1181; x_wconf 86' lang='lat' dir='ltr'>futura</span> <span class='ocrx_word' id='word_1_107' title='bbox 1069 1137 1290 1194; x_wconf 75' lang='lat' dir='ltr'>praedicit,</span> <span class='ocrx_word' id='word_1_108' title='bbox 1324 1136 1553 1180; x_wconf 77' lang='lat' dir='ltr'>attulimus</span> <span class='ocrx_word' id='word_1_109' title='bbox 1586 1135 1769 1178; x_wconf 85' lang='lat' dir='ltr'>Phaedr.</span> 
     </span>
     <span class='ocr_line' id='line_1_14' title="bbox 87 1211 1770 1271; baseline -0.002 -15"><span class='ocrx_word' id='word_1_110' title='bbox 87 1214 230 1257; x_wconf 76' lang='lat' dir='ltr'><strong>279A</strong></span> <span class='ocrx_word' id='word_1_111' title='bbox 249 1213 304 1257; x_wconf 81' lang='lat' dir='ltr'>B:</span> <span class='ocrx_word' id='word_1_112' title='bbox 331 1213 536 1268; x_wconf 81' lang='grc' dir='ltr'><em>’Ῑσοκράτη</em></span> <span class='ocrx_word' id='word_1_113' title='bbox 567 1217 634 1256; x_wconf 84' lang='grc' dir='ltr'>τὸν</span> <span class='ocrx_word' id='word_1_114' title='bbox 666 1218 801 1256; x_wconf 80' lang='grc' dir='ltr'><em>καλόν·</em></span> <span class='ocrx_word' id='word_1_115' title='bbox 835 1214 864 1271; x_wconf 80' lang='grc' dir='ltr'><em>ᾧ</em></span> <span class='ocrx_word' id='word_1_116' title='bbox 897 1218 933 1255; x_wconf 83' lang='grc' dir='ltr'>τί</span> <span class='ocrx_word' id='word_1_117' title='bbox 962 1216 1208 1269; x_wconf 78' lang='grc' dir='ltr'><em>ἀπαγγελεῖς,</em></span> <span class='ocrx_word' id='word_1_118' title='bbox 1234 1211 1263 1254; x_wconf 81' lang='grc' dir='ltr'><em>ὦ</em></span> <span class='ocrx_word' id='word_1_119' title='bbox 1292 1216 1521 1266; x_wconf 79' lang='grc' dir='ltr'><em>Σώκρατες;</em></span> <span class='ocrx_word' id='word_1_120' title='bbox 1548 1212 1612 1252; x_wconf 42' lang='grc' dir='ltr'><em>τίν,</em></span> <span class='ocrx_word' id='word_1_121' title='bbox 1649 1214 1770 1253; x_wconf 80' lang='grc' dir='ltr'><em>αὐτὸν</em></span> 
     </span>
     <span class='ocr_line' id='line_1_15' title="bbox 87 1287 423 1341; baseline 0.006 -13"><span class='ocrx_word' id='word_1_122' title='bbox 87 1290 271 1341; x_wconf 83' lang='grc' dir='ltr'><em>φήσομεν</em></span> <span class='ocrx_word' id='word_1_123' title='bbox 302 1287 423 1339; x_wconf 81' lang='grc' dir='ltr'><em>εἷναι;</em></span> 
     </span>
    </p>

    <p class='ocr_par' dir='ltr' id='par_1_5' title="bbox 87 1361 1765 1495">
     <span class='ocr_line' id='line_1_16' title="bbox 145 1361 1765 1418; baseline -0.001 -15"><span class='ocrx_word' id='word_1_124' title='bbox 145 1368 234 1405; x_wconf 84' lang='grc' dir='ltr'>Σω.</span> <span class='ocrx_word' id='word_1_125' title='bbox 279 1365 385 1413; x_wconf 85' lang='grc' dir='ltr'><em>Νέος</em></span> <span class='ocrx_word' id='word_1_126' title='bbox 430 1366 497 1417; x_wconf 73' lang='grc' dir='ltr'><em>ἔτι,</em></span> <span class='ocrx_word' id='word_1_127' title='bbox 541 1362 570 1405; x_wconf 81' lang='grc' dir='ltr'><em>ὦ</em></span> <span class='ocrx_word' id='word_1_128' title='bbox 616 1368 778 1418; x_wconf 84' lang='grc' dir='ltr'><em>Φαῖδρε,</em></span> <span class='ocrx_word' id='word_1_129' title='bbox 819 1364 1057 1418; x_wconf 77' lang='grc' dir='ltr'><em>Ἰσοκράτης·</em></span> <span class='ocrx_word' id='word_1_130' title='bbox 1091 1363 1111 1404; x_wconf 81' lang='grc' dir='ltr'>ὃ</span> <span class='ocrx_word' id='word_1_131' title='bbox 1144 1364 1277 1416; x_wconf 82' lang='grc' dir='ltr'><em>μέντοι</em></span> <span class='ocrx_word' id='word_1_132' title='bbox 1320 1366 1651 1415; x_wconf 84' lang='grc' dir='ltr'><em>μαντεύομαι</em></span> <span class='ocrx_word' id='word_1_133' title='bbox 1689 1361 1765 1402; x_wconf 76' lang='grc' dir='ltr'>κατ’</span> 
     </span>
     <span class='ocr_line' id='line_1_17' title="bbox 87 1442 548 1495; baseline 0.002 -13"><span class='ocrx_word' id='word_1_134' title='bbox 87 1443 226 1494; x_wconf 79' lang='grc' dir='ltr'><em>αὐτοῦ,</em></span> <span class='ocrx_word' id='word_1_135' title='bbox 255 1442 381 1495; x_wconf 84' lang='grc' dir='ltr'><em>λέγειν</em></span> <span class='ocrx_word' id='word_1_136' title='bbox 412 1443 548 1483; x_wconf 81' lang='grc' dir='ltr'><strong><em>ἐθέλω.</em></strong></span> 
     </span>
    </p>

    <p class='ocr_par' dir='ltr' id='par_1_6' title="bbox 151 1519 602 1570">
     <span class='ocr_line' id='line_1_18' title="bbox 151 1519 602 1570; baseline 0.007 -14"><span class='ocrx_word' id='word_1_137' title='bbox 151 1520 257 1557; x_wconf 89' lang='grc' dir='ltr'><em>Φαι.</em></span> <span class='ocrx_word' id='word_1_138' title='bbox 294 1519 346 1558; x_wconf 90' lang='grc' dir='ltr'>Τὸ</span> <span class='ocrx_word' id='word_1_139' title='bbox 377 1523 496 1560; x_wconf 88' lang='grc' dir='ltr'><em>ποῖον</em></span> <span class='ocrx_word' id='word_1_140' title='bbox 529 1520 602 1570; x_wconf 85' lang='grc' dir='ltr'>δή;</span> 
     </span>
    </p>

    <p class='ocr_par' dir='ltr' id='par_1_7' title="bbox 85 1590 1771 1872">
     <span class='ocr_line' id='line_1_19' title="bbox 145 1590 1771 1646; baseline -0.001 -15"><span class='ocrx_word' id='word_1_141' title='bbox 145 1597 243 1634; x_wconf 88' lang='grc' dir='ltr'>Σω.</span> <span class='ocrx_word' id='word_1_142' title='bbox 292 1598 416 1633; x_wconf 84' lang='grc' dir='ltr'><em>Δοκεῖ</em></span> <span class='ocrx_word' id='word_1_143' title='bbox 454 1611 520 1644; x_wconf 90' lang='grc' dir='ltr'>μοι</span> <span class='ocrx_word' id='word_1_144' title='bbox 561 1596 734 1645; x_wconf 83' lang='grc' dir='ltr'><em>ἀμείνων</em></span> <span class='ocrx_word' id='word_1_145' title='bbox 781 1594 806 1646; x_wconf 76' lang='grc' dir='ltr'>ἢ</span> <span class='ocrx_word' id='word_1_146' title='bbox 852 1594 950 1633; x_wconf 74' lang='grc' dir='ltr'>κατὰ</span> <span class='ocrx_word' id='word_1_147' title='bbox 980 1595 1073 1641; x_wconf 79' lang='grc' dir='ltr'><em>τοὺς</em></span> <span class='ocrx_word' id='word_1_148' title='bbox 1104 1593 1192 1644; x_wconf 85' lang='grc' dir='ltr'><em>περὶ</em></span> <span class='ocrx_word' id='word_1_149' title='bbox 1225 1595 1387 1633; x_wconf 83' lang='grc' dir='ltr'><em>Λυσίαν</em></span> <span class='ocrx_word' id='word_1_150' title='bbox 1418 1590 1519 1632; x_wconf 81' lang='grc' dir='ltr'><em>εἶναι</em></span> <span class='ocrx_word' id='word_1_151' title='bbox 1552 1593 1693 1644; x_wconf 87' lang='grc' dir='ltr'><em>λόγους</em></span> <span class='ocrx_word' id='word_1_152' title='bbox 1725 1591 1771 1630; x_wconf 82' lang='grc' dir='ltr'>τὰ</span> 
     </span>
     <span class='ocr_line' id='line_1_20' title="bbox 87 1667 1770 1725; baseline -0.001 -18"><span class='ocrx_word' id='word_1_153' title='bbox 87 1675 153 1720; x_wconf 82' lang='grc' dir='ltr'>τῆς</span> <span class='ocrx_word' id='word_1_154' title='bbox 184 1670 354 1720; x_wconf 86' lang='grc' dir='ltr'><em>φύσεως,</em></span> <span class='ocrx_word' id='word_1_155' title='bbox 382 1670 436 1708; x_wconf 76' lang='grc' dir='ltr'><em>ἔτι</em></span> <span class='ocrx_word' id='word_1_156' title='bbox 468 1685 505 1709; x_wconf 83' lang='grc' dir='ltr'><em>τε</em></span> <span class='ocrx_word' id='word_1_157' title='bbox 546 1669 640 1720; x_wconf 74' lang='grc' dir='ltr'><em>ἤθει</em></span> <span class='ocrx_word' id='word_1_158' title='bbox 669 1669 935 1725; x_wconf 77' lang='grc' dir='ltr'><em>γεννικωτέρῳ</em></span> <span class='ocrx_word' id='word_1_159' title='bbox 974 1674 1204 1720; x_wconf 77' lang='grc' dir='ltr'><em>κεκρᾶσθαι·</em></span> <span class='ocrx_word' id='word_1_160' title='bbox 1243 1670 1339 1708; x_wconf 83' lang='grc' dir='ltr'><em>ὥστε</em></span> <span class='ocrx_word' id='word_1_161' title='bbox 1381 1668 1500 1708; x_wconf 79' lang='grc' dir='ltr'><em>οὐδὲν</em></span> <span class='ocrx_word' id='word_1_162' title='bbox 1537 1667 1586 1707; x_wconf 75' lang='grc' dir='ltr'>ἂν</span> <span class='ocrx_word' id='word_1_163' title='bbox 1618 1667 1770 1719; x_wconf 84' lang='grc' dir='ltr'><em>γένοιτο</em></span> 
     </span>
     <span class='ocr_line' id='line_1_21' title="bbox 85 1739 1770 1796; baseline -0.001 -13"><span class='ocrx_word' id='word_1_164' title='bbox 85 1744 322 1794; x_wconf 81' lang='grc' dir='ltr'><em>θαυμαστὸν</em></span> <span class='ocrx_word' id='word_1_165' title='bbox 367 1747 585 1796; x_wconf 84' lang='grc' dir='ltr'><em>προϊούσης</em></span> <span class='ocrx_word' id='word_1_166' title='bbox 637 1752 704 1796; x_wconf 80' lang='grc' dir='ltr'>τῆς</span> <span class='ocrx_word' id='word_1_167' title='bbox 752 1743 905 1795; x_wconf 83' lang='grc' dir='ltr'><em>ἡλικίας</em></span> <span class='ocrx_word' id='word_1_168' title='bbox 952 1746 987 1784; x_wconf 86' lang='grc' dir='ltr'><em>εἰ</em></span> <span class='ocrx_word' id='word_1_169' title='bbox 1025 1744 1113 1795; x_wconf 85' lang='grc' dir='ltr'><em>περὶ</em></span> <span class='ocrx_word' id='word_1_170' title='bbox 1156 1744 1301 1791; x_wconf 82' lang='grc' dir='ltr'><em>αὐτούς</em></span> <span class='ocrx_word' id='word_1_171' title='bbox 1334 1760 1371 1783; x_wconf 86' lang='grc' dir='ltr'><em>τε</em></span> <span class='ocrx_word' id='word_1_172' title='bbox 1407 1745 1497 1791; x_wconf 82' lang='grc' dir='ltr'><em>τοὺς</em></span> <span class='ocrx_word' id='word_1_173' title='bbox 1528 1745 1682 1796; x_wconf 79' lang='grc' dir='ltr'><em>λόγους,</em></span> <span class='ocrx_word' id='word_1_174' title='bbox 1713 1739 1770 1789; x_wconf 85' lang='grc' dir='ltr'><em>οἷς</em></span> 
     </span>
     <span class='ocr_line' id='line_1_22' title="bbox 87 1819 1771 1872; baseline 0 -15"><span class='ocrx_word' id='word_1_175' title='bbox 87 1825 163 1858; x_wconf 89' lang='grc' dir='ltr'>νῦν</span> <span class='ocrx_word' id='word_1_176' title='bbox 203 1819 398 1871; x_wconf 77' lang='grc' dir='ltr'><em>ἐπιχειρεῖ,</em></span> <span class='ocrx_word' id='word_1_177' title='bbox 440 1819 561 1859; x_wconf 81' lang='grc' dir='ltr'><em>πλέον</em></span> <span class='ocrx_word' id='word_1_178' title='bbox 601 1819 626 1871; x_wconf 75' lang='grc' dir='ltr'><strong>ἢ</strong></span> <span class='ocrx_word' id='word_1_179' title='bbox 668 1821 826 1858; x_wconf 79' lang='grc' dir='ltr'><em>παίδων</em></span> <span class='ocrx_word' id='word_1_180' title='bbox 869 1820 1064 1872; x_wconf 83' lang='grc' dir='ltr'><em>διενέγκοι</em></span> <span class='ocrx_word' id='word_1_181' title='bbox 1095 1827 1172 1858; x_wconf 82' lang='grc' dir='ltr'>τῶν</span> <span class='ocrx_word' id='word_1_182' title='bbox 1205 1820 1362 1858; x_wconf 82' lang='grc' dir='ltr'><em>πώποτε</em></span> <span class='ocrx_word' id='word_1_183' title='bbox 1394 1819 1613 1870; x_wconf 70' lang='grc' dir='ltr'><em>ἁψαμένων</em></span> <span class='ocrx_word' id='word_1_184' title='bbox 1643 1819 1771 1870; x_wconf 88' lang='grc' dir='ltr'><em>λόγων</em></span> 
     </span>
    </p>

    <p class='ocr_par' dir='ltr' id='par_1_8' title="bbox 86 1890 1770 2022">
     <span class='ocr_line' id='line_1_23' title="bbox 535 1890 1770 1946; baseline -0.002 -13"><span class='ocrx_word' id='word_1_185' title='bbox 535 1900 655 1933; x_wconf 82' lang='grc' dir='ltr'><em>ταῦτα</em></span> <span class='ocrx_word' id='word_1_186' title='bbox 688 1894 736 1945; x_wconf 85' lang='grc' dir='ltr'>δὴ</span> <span class='ocrx_word' id='word_1_187' title='bbox 774 1890 847 1934; x_wconf 81' lang='grc' dir='ltr'><em>οὖν</em></span> <span class='ocrx_word' id='word_1_188' title='bbox 879 1894 952 1946; x_wconf 85' lang='grc' dir='ltr'>ἐγὼ</span> <span class='ocrx_word' id='word_1_189' title='bbox 1000 1893 1071 1944; x_wconf 80' lang='grc' dir='ltr'>μὲν</span> <span class='ocrx_word' id='word_1_190' title='bbox 1111 1894 1248 1945; x_wconf 81' lang='grc' dir='ltr'><em>παρὰ</em></span> <span class='ocrx_word' id='word_1_191' title='bbox 1295 1896 1453 1934; x_wconf 80' lang='grc' dir='ltr'><em>τῶνδε</em></span> <span class='ocrx_word' id='word_1_192' title='bbox 1492 1900 1588 1933; x_wconf 85' lang='grc' dir='ltr'>τῶν</span> <span class='ocrx_word' id='word_1_193' title='bbox 1633 1898 1770 1932; x_wconf 85' lang='grc' dir='ltr'><em>θεῶν</em></span> 
     </span>
     <span class='ocr_line' id='line_1_24' title="bbox 86 1967 1770 2022; baseline -0.001 -14"><span class='ocrx_word' id='word_1_194' title='bbox 86 1968 138 2017; x_wconf 81' lang='grc' dir='ltr'>ὡς</span> <span class='ocrx_word' id='word_1_195' title='bbox 164 1969 270 2020; x_wconf 88' lang='grc' dir='ltr'><em>ε’μοῐς</em></span> <span class='ocrx_word' id='word_1_196' title='bbox 301 1971 567 2016; x_wconf 79' lang='grc' dir='ltr'><em>παιδικοῖς</em></span> <span class='ocrx_word' id='word_1_197' title='bbox 596 1967 807 2019; x_wconf 84' lang='grc' dir='ltr'><em>Ἰσοκράτει</em></span> <span class='ocrx_word' id='word_1_198' title='bbox 839 1969 1142 2021; x_wconf 76' lang='grc' dir='ltr'><em>ἐξαγγέλλω,</em></span> <span class='ocrx_word' id='word_1_199' title='bbox 1169 1971 1217 2008; x_wconf 90' lang='grc' dir='ltr'>σὺ</span> <span class='ocrx_word' id='word_1_200' title='bbox 1247 1967 1282 2008; x_wconf 88' lang='grc' dir='ltr'>δ’</span> <span class='ocrx_word' id='word_1_201' title='bbox 1306 1969 1434 2008; x_wconf 84' lang='grc' dir='ltr'><em>ἐκεῖνα</em></span> <span class='ocrx_word' id='word_1_202' title='bbox 1453 1969 1504 2016; x_wconf 83' lang='grc' dir='ltr'>ὡς</span> <span class='ocrx_word' id='word_1_203' title='bbox 1522 1973 1605 2016; x_wconf 86' lang='grc' dir='ltr'><em>σοῖς</em></span> <span class='ocrx_word' id='word_1_204' title='bbox 1624 1969 1770 2022; x_wconf 77' lang='grc' dir='ltr'><em>Λυσία.</em></span> 
     </span>
    </p>

    <p class='ocr_par' dir='ltr' id='par_1_9' title="bbox 85 2042 1771 2472">
     <span class='ocr_line' id='line_1_25' title="bbox 145 2042 1771 2100; baseline -0.001 -14"><span class='ocrx_word' id='word_1_205' title='bbox 145 2042 275 2086; x_wconf 91' lang='lat' dir='ltr'>Nunc</span> <span class='ocrx_word' id='word_1_206' title='bbox 321 2042 429 2085; x_wconf 85' lang='lat' dir='ltr'>nihil</span> <span class='ocrx_word' id='word_1_207' title='bbox 475 2043 528 2085; x_wconf 84' lang='lat' dir='ltr'>ad</span> <span class='ocrx_word' id='word_1_208' title='bbox 572 2047 767 2086; x_wconf 82' lang='lat' dir='ltr'>nostram</span> <span class='ocrx_word' id='word_1_209' title='bbox 811 2042 1153 2100; x_wconf 80' lang='lat' dir='ltr'>disputationem</span> <span class='ocrx_word' id='word_1_210' title='bbox 1188 2043 1387 2099; x_wconf 74' lang='lat' dir='ltr'>pertinet,</span> <span class='ocrx_word' id='word_1_211' title='bbox 1419 2043 1533 2099; x_wconf 79' lang='lat' dir='ltr'>quod</span> <span class='ocrx_word' id='word_1_212' title='bbox 1568 2042 1771 2086; x_wconf 77' lang='lat' dir='ltr'>Socrates</span> 
     </span>
     <span class='ocr_line' id='line_1_26' title="bbox 87 2117 1768 2175; baseline -0.001 -14"><span class='ocrx_word' id='word_1_213' title='bbox 87 2117 273 2161; x_wconf 82' lang='lat' dir='ltr'>fortasse</span> <span class='ocrx_word' id='word_1_214' title='bbox 320 2133 559 2175; x_wconf 85' lang='lat' dir='ltr'>numquam</span> <span class='ocrx_word' id='word_1_215' title='bbox 610 2118 715 2161; x_wconf 85' lang='lat' dir='ltr'>haec</span> <span class='ocrx_word' id='word_1_216' title='bbox 761 2119 935 2161; x_wconf 79' lang='lat' dir='ltr'>locutus</span> <span class='ocrx_word' id='word_1_217' title='bbox 978 2124 1057 2168; x_wconf 81' lang='lat' dir='ltr'>est,</span> <span class='ocrx_word' id='word_1_218' title='bbox 1092 2119 1216 2162; x_wconf 84' lang='lat' dir='ltr'>Plato</span> <span class='ocrx_word' id='word_1_219' title='bbox 1248 2124 1393 2162; x_wconf 84' lang='lat' dir='ltr'>autem</span> <span class='ocrx_word' id='word_1_220' title='bbox 1433 2123 1530 2175; x_wconf 89' lang='lat' dir='ltr'>post</span> <span class='ocrx_word' id='word_1_221' title='bbox 1562 2122 1768 2161; x_wconf 91' lang='lat' dir='ltr'>eventum</span> 
     </span>
     <span class='ocr_line' id='line_1_27' title="bbox 85 2192 1769 2250; baseline 0 -14"><span class='ocrx_word' id='word_1_222' title='bbox 85 2193 243 2236; x_wconf 78' lang='lat' dir='ltr'>inducit</span> <span class='ocrx_word' id='word_1_223' title='bbox 280 2192 506 2236; x_wconf 86' lang='lat' dir='ltr'>Socratem</span> <span class='ocrx_word' id='word_1_224' title='bbox 540 2193 688 2237; x_wconf 83' lang='lat' dir='ltr'>futura</span> <span class='ocrx_word' id='word_1_225' title='bbox 721 2194 1057 2249; x_wconf 83' lang='lat' dir='ltr'>praedicentem.</span> <span class='ocrx_word' id='word_1_226' title='bbox 1095 2195 1237 2237; x_wconf 76' lang='lat' dir='ltr'>Nobis</span> <span class='ocrx_word' id='word_1_227' title='bbox 1269 2195 1393 2238; x_wconf 83' lang='lat' dir='ltr'>locus</span> <span class='ocrx_word' id='word_1_228' title='bbox 1421 2195 1520 2237; x_wconf 84' lang='lat' dir='ltr'>usui</span> <span class='ocrx_word' id='word_1_229' title='bbox 1548 2199 1627 2243; x_wconf 84' lang='lat' dir='ltr'>est,</span> <span class='ocrx_word' id='word_1_230' title='bbox 1655 2194 1769 2250; x_wconf 85' lang='lat' dir='ltr'>quod</span> 
     </span>
     <span class='ocr_line' id='line_1_28' title="bbox 87 2259 1770 2326; baseline 0.001 -15"><span class='ocrx_word' id='word_1_231' title='bbox 87 2284 139 2312; x_wconf 86' lang='lat' dir='ltr'>ex</span> <span class='ocrx_word' id='word_1_232' title='bbox 171 2285 221 2311; x_wconf 90' lang='lat' dir='ltr'>eo</span> <span class='ocrx_word' id='word_1_233' title='bbox 253 2276 432 2325; x_wconf 83' lang='lat' dir='ltr'>apparet</span> <span class='ocrx_word' id='word_1_234' title='bbox 459 2269 685 2311; x_wconf 86' lang='lat' dir='ltr'>Socratem</span> <span class='ocrx_word' id='word_1_235' title='bbox 706 2259 997 2319; x_wconf 84' lang='lat' dir='ltr'>Platonicum,</span> <span class='ocrx_word' id='word_1_236' title='bbox 1016 2270 1126 2313; x_wconf 84' lang='lat' dir='ltr'>sicut</span> <span class='ocrx_word' id='word_1_237' title='bbox 1145 2270 1370 2314; x_wconf 86' lang='lat' dir='ltr'>Socratem</span> <span class='ocrx_word' id='word_1_238' title='bbox 1386 2269 1770 2326; x_wconf 82' lang='lat' dir='ltr'>Xenophonteum,</span> 
     </span>
     <span class='ocr_line' id='line_1_29' title="bbox 86 2343 1769 2402; baseline 0.001 -16"><span class='ocrx_word' id='word_1_239' title='bbox 86 2343 276 2386; x_wconf 83' lang='lat' dir='ltr'>futuram</span> <span class='ocrx_word' id='word_1_240' title='bbox 319 2343 749 2387; x_wconf 75' lang='lat' dir='ltr'>adulescentulorum</span> <span class='ocrx_word' id='word_1_241' title='bbox 795 2344 928 2388; x_wconf 85' lang='lat' dir='ltr'>vitam</span> <span class='ocrx_word' id='word_1_242' title='bbox 972 2345 1240 2401; x_wconf 84' lang='lat' dir='ltr'>praevidere,</span> <span class='ocrx_word' id='word_1_243' title='bbox 1287 2346 1548 2402; x_wconf 86' lang='lat' dir='ltr'>praedicere,</span> <span class='ocrx_word' id='word_1_244' title='bbox 1577 2345 1657 2388; x_wconf 91' lang='lat' dir='ltr'>deo</span> <span class='ocrx_word' id='word_1_245' title='bbox 1684 2344 1769 2397; x_wconf 87' lang='lat' dir='ltr'>(vel</span> 
     </span>
     <span class='ocr_line' id='line_1_30' title="bbox 87 2418 558 2472; baseline 0 -11"><span class='ocrx_word' id='word_1_246' title='bbox 87 2418 336 2472; x_wconf 84' lang='lat' dir='ltr'>daemonio)</span> <span class='ocrx_word' id='word_1_247' title='bbox 367 2424 558 2461; x_wconf 85' lang='lat' dir='ltr'>auctore.</span> 
     </span>
    </p>

    <p class='ocr_par' dir='ltr' id='par_1_10' title="bbox 86 2493 1770 2996">
     <span class='ocr_line' id='line_1_31' title="bbox 148 2493 1768 2552; baseline 0.001 -16"><span class='ocrx_word' id='word_1_248' title='bbox 148 2493 289 2536; x_wconf 82' lang='lat' dir='ltr'>Isdem</span> <span class='ocrx_word' id='word_1_249' title='bbox 335 2497 482 2536; x_wconf 81' lang='lat' dir='ltr'>autem</span> <span class='ocrx_word' id='word_1_250' title='bbox 530 2493 674 2536; x_wconf 73' lang='lat' dir='ltr'>verbis</span> <span class='ocrx_word' id='word_1_251' title='bbox 721 2493 971 2552; x_wconf 85' lang='lat' dir='ltr'>Xenophon</span> <span class='ocrx_word' id='word_1_252' title='bbox 1019 2495 1061 2537; x_wconf 89' lang='lat' dir='ltr'>in</span> <span class='ocrx_word' id='word_1_253' title='bbox 1110 2495 1238 2552; x_wconf 80' lang='lat' dir='ltr'>Apol.</span> <span class='ocrx_word' id='word_1_254' title='bbox 1291 2497 1338 2539; x_wconf 85' lang='lat'>13</span> <span class='ocrx_word' id='word_1_255' title='bbox 1371 2496 1576 2539; x_wconf 87' lang='lat' dir='ltr'>utebatur</span> <span class='ocrx_word' id='word_1_256' title='bbox 1609 2494 1768 2551; x_wconf 84' lang='lat' dir='ltr'>quibus</span> 
     </span>
     <span class='ocr_line' id='line_1_32' title="bbox 88 2567 1769 2627; baseline -0.001 -16"><span class='ocrx_word' id='word_1_257' title='bbox 88 2568 213 2612; x_wconf 86' lang='lat' dir='ltr'>Plato</span> <span class='ocrx_word' id='word_1_258' title='bbox 245 2568 287 2611; x_wconf 92' lang='lat' dir='ltr'>in</span> <span class='ocrx_word' id='word_1_259' title='bbox 320 2567 521 2612; x_wconf 83' lang='lat' dir='ltr'>Phaedro</span> <span class='ocrx_word' id='word_1_260' title='bbox 548 2568 632 2612; x_wconf 74' lang='grc'>279</span> <span class='ocrx_word' id='word_1_261' title='bbox 651 2569 712 2612; x_wconf 87' lang='lat' dir='ltr'>A:</span> <span class='ocrx_word' id='word_1_262' title='bbox 741 2571 806 2609; x_wconf 81' lang='grc' dir='ltr'>καὶ</span> <span class='ocrx_word' id='word_1_263' title='bbox 833 2571 906 2622; x_wconf 77' lang='grc' dir='ltr'>γὰρ</span> <span class='ocrx_word' id='word_1_264' title='bbox 935 2578 1011 2610; x_wconf 79' lang='grc' dir='ltr'>τῶν</span> <span class='ocrx_word' id='word_1_265' title='bbox 1039 2573 1166 2621; x_wconf 82' lang='grc' dir='ltr'><em>φίλων</em></span> <span class='ocrx_word' id='word_1_266' title='bbox 1192 2576 1350 2619; x_wconf 80' lang='grc' dir='ltr'><em>πολλοῖς</em></span> <span class='ocrx_word' id='word_1_267' title='bbox 1369 2572 1416 2623; x_wconf 76' lang='grc' dir='ltr'>δὴ</span> <span class='ocrx_word' id='word_1_268' title='bbox 1435 2570 1708 2627; x_wconf 74' lang='grc' dir='ltr'>ἐξαγγείλας</span> <span class='ocrx_word' id='word_1_269' title='bbox 1724 2572 1769 2610; x_wconf 79' lang='grc' dir='ltr'>τὰ</span> 
     </span>
     <span class='ocr_line' id='line_1_33' title="bbox 86 2646 1770 2698; baseline 0.003 -14"><span class='ocrx_word' id='word_1_270' title='bbox 86 2651 155 2684; x_wconf 83' lang='grc' dir='ltr'><em>τοῦ</em></span> <span class='ocrx_word' id='word_1_271' title='bbox 196 2649 297 2683; x_wconf 84' lang='grc' dir='ltr'><em>θεοῦ</em></span> <span class='ocrx_word' id='word_1_272' title='bbox 328 2646 661 2695; x_wconf 83' lang='grc' dir='ltr'><em>συμβουλεύματα</em></span> <span class='ocrx_word' id='word_1_273' title='bbox 692 2646 948 2685; x_wconf 78' lang='grc' dir='ltr'><em>οὐδεπώποτε</em></span> <span class='ocrx_word' id='word_1_274' title='bbox 979 2648 1231 2696; x_wconf 84' lang='grc' dir='ltr'><em>ψευσάμενος</em></span> <span class='ocrx_word' id='word_1_275' title='bbox 1264 2646 1432 2698; x_wconf 82' lang='grc' dir='ltr'><em>ἐφάνην.</em></span> <span class='ocrx_word' id='word_1_276' title='bbox 1464 2648 1556 2690; x_wconf 75' lang='lat' dir='ltr'>Pro</span> <span class='ocrx_word' id='word_1_277' title='bbox 1580 2648 1770 2689; x_wconf 66' lang='lat' dir='ltr'>‘intimis</span> 
     </span>
     <span class='ocr_line' id='line_1_34' title="bbox 87 2718 1766 2765; baseline 0 -2"><span class='ocrx_word' id='word_1_278' title='bbox 87 2721 260 2763; x_wconf 80' lang='lat' dir='ltr'>amicis</span> <span class='ocrx_word' id='word_1_279' title='bbox 290 2720 407 2762; x_wconf 78' lang='lat' dir='ltr'>deus</span> <span class='ocrx_word' id='word_1_280' title='bbox 437 2718 661 2762; x_wconf 87' lang='lat' dir='ltr'>Socratem</span> <span class='ocrx_word' id='word_1_281' title='bbox 697 2724 844 2762; x_wconf 92' lang='lat' dir='ltr'>monet</span> <span class='ocrx_word' id='word_1_282' title='bbox 873 2724 913 2763; x_wconf 90' lang='lat' dir='ltr'>et</span> <span class='ocrx_word' id='word_1_283' title='bbox 942 2719 980 2762; x_wconf 91' lang='lat' dir='ltr'>ei</span> <span class='ocrx_word' id='word_1_284' title='bbox 1009 2721 1228 2764; x_wconf 87' lang='lat' dir='ltr'>monenda</span> <span class='ocrx_word' id='word_1_285' title='bbox 1245 2721 1485 2765; x_wconf 87' lang='lat' dir='ltr'>denuntiat.</span> <span class='ocrx_word' id='word_1_286' title='bbox 1505 2721 1604 2764; x_wconf 92' lang='lat' dir='ltr'>Non</span> <span class='ocrx_word' id='word_1_287' title='bbox 1624 2721 1766 2763; x_wconf 82' lang='lat' dir='ltr'>solum</span> 
     </span>
     <span class='ocr_line' id='line_1_35' title="bbox 86 2793 1768 2847; baseline 0.002 -10"><span class='ocrx_word' id='word_1_288' title='bbox 86 2793 292 2837; x_wconf 86' lang='lat' dir='ltr'>Socrates</span> <span class='ocrx_word' id='word_1_289' title='bbox 332 2793 408 2836; x_wconf 87' lang='lat' dir='ltr'>sed</span> <span class='ocrx_word' id='word_1_290' title='bbox 450 2793 581 2837; x_wconf 89' lang='lat' dir='ltr'>etiam</span> <span class='ocrx_word' id='word_1_291' title='bbox 624 2794 765 2837; x_wconf 90' lang='lat' dir='ltr'>intimi</span> <span class='ocrx_word' id='word_1_292' title='bbox 808 2794 902 2838; x_wconf 80' lang='lat' dir='ltr'>eius</span> <span class='ocrx_word' id='word_1_293' title='bbox 940 2795 1069 2838; x_wconf 86' lang='lat' dir='ltr'>amici</span> <span class='ocrx_word' id='word_1_294' title='bbox 1102 2797 1164 2847; x_wconf 79' lang='grc' dir='ltr'>(τὰ</span> <span class='ocrx_word' id='word_1_295' title='bbox 1195 2799 1362 2837; x_wconf 81' lang='grc' dir='ltr'><em>παιδικά</em></span> <span class='ocrx_word' id='word_1_296' title='bbox 1393 2796 1578 2840; x_wconf 84' lang='lat' dir='ltr'>Phaedr.</span> <span class='ocrx_word' id='word_1_297' title='bbox 1612 2797 1696 2840; x_wconf 75' lang='lat'>279</span> <span class='ocrx_word' id='word_1_298' title='bbox 1715 2797 1768 2843; x_wconf 76' lang='lat' dir='ltr'>A)</span> 
     </span>
     <span class='ocr_line' id='line_1_36' title="bbox 88 2868 1768 2928; baseline 0.002 -18"><span class='ocrx_word' id='word_1_299' title='bbox 88 2884 162 2925; x_wconf 89' lang='lat' dir='ltr'>per</span> <span class='ocrx_word' id='word_1_300' title='bbox 193 2868 472 2911; x_wconf 81' lang='lat' dir='ltr'>daemonium</span> <span class='ocrx_word' id='word_1_301' title='bbox 500 2869 567 2911; x_wconf 92' lang='lat' dir='ltr'>dei</span> <span class='ocrx_word' id='word_1_302' title='bbox 586 2869 723 2912; x_wconf 84' lang='lat' dir='ltr'>tutela</span> <span class='ocrx_word' id='word_1_303' title='bbox 739 2869 956 2913; x_wconf 91' lang='lat' dir='ltr'>fruuntur.</span> <span class='ocrx_word' id='word_1_304' title='bbox 978 2870 1263 2914; x_wconf 84' lang='lat' dir='ltr'>Denuntiatio</span> <span class='ocrx_word' id='word_1_305' title='bbox 1281 2876 1319 2914; x_wconf 87' lang='lat' dir='ltr'>et</span> <span class='ocrx_word' id='word_1_306' title='bbox 1341 2872 1493 2915; x_wconf 84' lang='lat' dir='ltr'>relatio</span> <span class='ocrx_word' id='word_1_307' title='bbox 1512 2872 1768 2928; x_wconf 86' lang='lat' dir='ltr'>exprimitur</span> 
     </span>
     <span class='ocr_line' id='line_1_37' title="bbox 89 2943 503 2996; baseline -0.01 -10"><span class='ocrx_word' id='word_1_308' title='bbox 89 2943 221 2986; x_wconf 82' lang='lat' dir='ltr'>verbo</span> <span class='ocrx_word' id='word_1_309' title='bbox 253 2944 503 2996; x_wconf 77' lang='grc' dir='ltr'><em>ἐξαγγέλλειν.</em></span> 
     </span>
    </p>
   </div>
  </div>
 </body>
</html>
