2019 3299
1010 131 1038 175 8

181 262 365 306 dicebat.
396 256 706 302 Molestissime
740 260 885 299 autem
921 270 1141 297 nonnemo
1175 253 1281 297 talia
1313 253 1427 296 dicta
1458 253 1553 296 tulit
1586 258 1627 296 et
1654 253 1694 296 in
1719 258 1867 297 contu-

183 325 356 380 meliam
398 333 653 390 accipienda
685 346 783 374 esse
816 330 1055 373 arbitratus
1089 334 1168 372 est.
1205 329 1330 372 Unde
1349 328 1497 371 odium
1517 328 1805 383 Socraticum,
1825 333 1870 372 ut

182 412 244 455 ita
275 411 431 457 dicam,
467 412 609 452 ortum
644 411 732 455 est;
767 405 820 449 cf.
855 421 890 448 e.
909 420 949 461 g.
983 404 1094 447 Plat.
1128 403 1256 460 Apol.
1284 404 1339 447 37
1371 402 1416 446 C.
1438 403 1495 446 D:
1529 405 1640 454 ὑμεῖς
1673 405 1745 455 μὲν
1763 405 1870 453 ὄντες

184 488 340 527 πολῖταί
377 502 453 537 μου
496 485 569 535 οὐχ
610 479 690 522 οἷοί
728 498 766 521 τε
799 482 985 534 ἐγένεσθε
1018 480 1191 533 ἐνεγκεῖν
1223 480 1288 527 τὰς
1321 479 1416 530 ἐμὰς
1448 479 1652 531 διατριβὰς
1682 480 1749 519 καὶ
1779 481 1871 527 τοὺς

182 563 339 614 λόγους,
382 558 460 599 ἀλλ’
512 560 606 607 ὑμῖν
649 560 866 611 βαρύτεραι
906 557 1090 609 γεγόνασι
1134 555 1199 595 καὶ
1240 555 1576 605 ἐπιφθονώτεραι,
1606 556 1702 595 ὥστε
1732 557 1873 606 ζητεῖτε

182 639 314 677 αὐτῶν
346 635 437 675 νυνὶ
469 634 758 687 ἀπαλλαγῆναι.
793 631 920 674 Alius
953 631 1076 674 loeus
1110 630 1224 687 apud
1257 629 1368 673 Plal.
1402 629 1586 672 Theaet.
1608 629 1685 672 151
1707 628 1754 672 C.
1783 645 1869 672 non

183 710 471 754 omittendus:
505 710 570 748 καὶ
601 709 670 748 ἐὰν
703 708 777 759 ἄρα
812 709 1086 758 σκοπούμενός
1105 724 1138 746 τι
1170 704 1225 746 ὧν
1253 705 1302 745 ἂν
1330 705 1443 761 λέγῃς
1471 703 1682 758 ἡγήσωμαι
1709 706 1873 745 εἴδωλον

183 786 248 826 καὶ
289 786 342 837 μὴ
384 784 546 836 ἀληθές,
576 781 965 834 εἶταὺντεξαιρῶμαι
997 782 1063 822 καὶ
1096 783 1324 834 ἀποβάλλω,
1363 781 1424 832 μὴ
1466 780 1709 833 ἀγρίαινε
1741 782 1872 833 ὥσπερ

184 862 227 900 αῖ
263 861 504 913 πρωτοτόκοι
545 858 633 909 περὶ
677 858 723 897 τὰ
765 858 918 897 παιδία.
960 857 1099 897 πολλοὶ
1140 858 1214 909 γὰρ
1254 856 1348 908 ἤδη,
1389 851 1419 895 ὦ
1451 858 1668 907 θαυμάσιε,
1697 858 1795 909 πρός
1828 873 1873 908 με

184 939 287 978 οὕτω
331 936 580 987 διετέθησαν,
622 936 717 975 ὥστε
759 934 928 986 ἀτεχνῶς
977 935 1193 974 δάκνειν
1240 933 1387 984 ἕτοιμοι
1429 929 1546 983 εἶναι,
1585 932 1748 972 ἐπειδάν
1785 949 1873 971 τινα

185 1018 343 1065 λῆρον
390 1012 521 1051 αὐτῶν
570 1011 805 1061 ἀφαιρῶμαι
847 1013 927 1048 κτλ.
969 1008 1168 1051 Eundem
1214 1006 1342 1051 nobis
1383 1010 1520 1050 semet
1553 1006 1647 1063 ipse
1679 1005 1874 1063 depingit

187 1086 393 1130 Socrates
439 1085 572 1141 Gorg.
618 1086 696 1128 521
752 1084 803 1133 D,
847 1084 955 1126 522:
1000 1085 1097 1137 λέγω
1139 1086 1237 1136 πρὸς
1283 1084 1325 1123 τὸ
1364 1083 1578 1135 βέλτιστον,
1618 1083 1666 1123 οὐ
1702 1083 1801 1135 πρὸς
1832 1083 1875 1123 τὸ

186 1164 359 1214 ἥδιστον.
404 1160 582 1218 Coquus
626 1160 677 1204 de
720 1175 770 1203 eo
811 1160 1094 1216 contemptim
1137 1158 1258 1216 loqui
1301 1157 1500 1214 fingitur:
1533 1159 1625 1206 τοὺς
1658 1160 1876 1206 νεωτάτους

186 1240 299 1290 ὑμῶν
341 1239 569 1289 διαφθείρει
600 1238 753 1288 τέμνων
784 1253 822 1276 τε
848 1236 913 1276 καὶ
946 1239 1069 1287 κάων,
1094 1236 1160 1275 καὶ
1194 1236 1407 1287 ἰσχναίνων
1435 1234 1501 1274 καὶ
1528 1235 1680 1287 πνίγων
1711 1234 1878 1286 ἀπορεῖν

186 1319 303 1365 ποιεῖ,
347 1314 632 1365 πικρότατα
674 1313 831 1364 πόματα
876 1312 1014 1359 διδοὺς
1061 1311 1127 1350 καὶ
1172 1317 1315 1361 πεινῆν
1361 1309 1426 1348 καὶ
1467 1311 1593 1361 διψῆν
1630 1309 1875 1362 ἀναγκάζων.

188 1388 325 1432 Paulo
372 1392 492 1444 post:
541 1388 610 1428 ε’άν
656 1390 711 1436 τίς
759 1404 804 1439 με
852 1396 910 1443 φῇ
956 1390 1047 1434 τοὺς
1095 1385 1385 1439 πρεσβυτέρους
1430 1389 1669 1438 κακηγορεῖν
1713 1385 1876 1437 λέγοντα

187 1467 413 1516 πικροὺς
454 1466 598 1517 λόγους
631 1467 711 1504 κτλ.

248 1539 373 1583 Alias
415 1537 672 1582 inimicitias
704 1542 866 1588 autern,
899 1552 1063 1593 easque
1095 1535 1399 1592 gravissimas,
1433 1502 1520 1579 alio
1552 1539 1747 1591 temp01e
1778 1549 1877 1578 con-

188 1615 316 1659 tiaxit
350 1630 401 1657 ex
433 1614 594 1671 quibus
628 1613 776 1656 odium
813 1612 1091 1669 implacabile
1125 1616 1269 1654 ortum
1303 1616 1383 1654 est.

248 1690 297 1733 In
354 1689 575 1747 Apologia
621 1688 735 1732 Xen.
785 1689 840 1732 29
889 1688 982 1745 ipse
1031 1688 1237 1731 Socrates
1287 1686 1414 1730 nobis
1463 1691 1610 1730 narrat
1657 1684 1877 1742 quomodo

190 1766 353 1809 factum
396 1765 453 1808 sit
496 1770 542 1808 ut
585 1765 775 1821 Anytus,
820 1764 889 1808 cui
932 1779 1094 1820 magna
1135 1778 1188 1806 ex
1231 1767 1354 1819 parte
1387 1761 1715 1805 damnationem
1748 1775 1877 1804 suam

191 1841 339 1884 debuit
384 1841 455 1893 (cf.
503 1840 632 1897 Apol.
681 1840 792 1883 Plat.
836 1840 891 1883 29
936 1839 982 1889 C,
1025 1841 1082 1882 36
1124 1839 1188 1891 Β),
1230 1837 1313 1881 sibi
1348 1837 1630 1885 irasceretur;
1664 1851 1750 1893 quo
1782 1836 1878 1879 loco

190 1916 348 1972 legitur
394 1916 555 1959 dictum
603 1916 708 1959 illud
742 1916 949 1959 acerbum
995 1915 1110 1971 quod
1143 1913 1318 1971 penitus
1351 1912 1390 1956 ei
1422 1912 1465 1955 in
1499 1911 1649 1956 animo
1681 1911 1880 1956 haesisse

190 1991 395 2035 credibile
437 1996 516 2035 est.
553 1991 638 2032 Ἀλλ’
671 1991 696 2031 ’ὁ
726 1991 797 2043 μὲν
829 1991 931 2043 ἀνὴρ
967 1992 1033 2031 ὅδε
1063 1992 1226 2042 κυδρός,
1258 1990 1309 2037 ὡς
1342 1989 1440 2042 μέγα
1471 2005 1510 2028 τε
1541 1989 1607 2028 καὶ
1639 1989 1761 2028 καλὸν
1793 1990 1879 2027 δια-

189 2068 477 2120 πεπραγμένος,
517 2069 551 2107 εἰ
595 2067 785 2107 ἀπέκτονέ
828 2083 887 2118 με,
929 2067 986 2106 ὅτι
1028 2067 1151 2106 αὐτὸν
1183 2073 1260 2105 τῶν
1293 2066 1488 2117 μεγίστων
1518 2064 1598 2104 ὑπὸ
1629 2070 1698 2115 τῆς
1728 2065 1879 2111 πόλεως

191 2144 295 2195 ὁρῶν
327 2145 565 2196 ἀξιούμενον
598 2145 671 2184 οὐκ
698 2145 801 2195 ἔφην
829 2151 972 2196 χρῆναι
999 2143 1067 2183 τὸν
1094 2143 1184 2182 ὑιὸν
1212 2141 1326 2194 περὶ
1360 2143 1557 2194 βύρσας
1589 2140 1877 2179 παιδεύειν·

190 2220 241 2267 ὡς
273 2220 475 2273 μοχθηρὸς
508 2216 623 2267 οὗτος
656 2224 755 2267 κτλ.;
789 2223 830 2261 et
858 2217 989 2275 paulo
1017 2222 1115 2274 post
1143 2218 1205 2257 ἐπὶ
1233 2224 1278 2270 τῆ
1308 2219 1577 2268 δουλοπρεπεῖ
1601 2217 1783 2270 διατριβῇ
1800 2218 1878 2254 κτλ.

250 2294 426 2351 Anytus
474 2295 604 2337 homo
649 2294 908 2351 splendidus
950 2293 1094 2337 factus
1133 2297 1239 2342 erat,
1272 2294 1463 2339 πλούσιος
1496 2291 1536 2331 ἐκ
1569 2292 1881 2343 βυρσοδεψικῆς,

194 2374 240 2412 ut
271 2377 336 2412 est
368 2370 411 2412 in
445 2369 612 2412 scholio
646 2370 699 2412 ad
734 2369 843 2412 Plat.
879 2368 1021 2426 Apol.‚
1055 2384 1229 2425 quaque
1258 2382 1309 2410 ex
1335 2371 1427 2410 arte
1446 2366 1538 2423 ipse
1556 2364 1878 2422 opibus,hono-

192 2445 313 2488 ribus
345 2445 605 2488 auctoritate
638 2445 834 2493 florebat,
870 2444 911 2486 in
948 2459 1000 2487 ea
1030 2443 1182 2493 filium,
1220 2448 1263 2486 ut
1296 2442 1355 2491 fit,
1390 2456 1688 2485 successorem
1717 2440 1879 2484 habere

192 2522 280 2565 iam
312 2526 478 2565 certum
513 2522 888 2577 deliberatumque
923 2521 961 2563 ei
994 2525 1100 2563 erat.
1136 2520 1177 2562 Is
1205 2524 1351 2563 autem
1381 2522 1571 2561 sectator
1598 2521 1691 2560 erat
1717 2515 1880 2559 sordidi

194 2598 457 2654 philosophi,
499 2602 540 2640 et
583 2598 636 2640 ad
679 2597 768 2640 alia
800 2596 959 2645 studia,
994 2596 1047 2639 ad
1082 2594 1411 2652 philosophiam
1445 2599 1486 2636 et
1519 2593 1658 2636 bonas
1690 2596 1807 2635 artes
1839 2590 1880 2634 ei

193 2673 369 2716 animus
410 2672 664 2715 inclinabat.
708 2672 742 2715 E
787 2671 1005 2728 colloquio
1034 2670 1226 2714 fortasse
1259 2668 1484 2714 altercatio
1517 2672 1613 2713 orta
1644 2671 1724 2710 est.
1758 2666 1880 2709 Alter

195 2748 379 2790 alterum
408 2747 728 2790 contemnebat.
759 2747 872 2789 Tum
902 2746 1107 2789 Socrates
1127 2746 1258 2789 verba
1280 2745 1356 2788 illa
1372 2743 1879 2787 contumeliosalocutus

197 2828 282 2866 est:
321 2823 561 2876 „admoneo
590 2827 630 2865 te
660 2827 703 2864 ut
730 2827 885 2865 cautus
913 2822 988 2864 sis.
1016 2820 1159 2876 Magis
1188 2821 1406 2876 ingenuus
1429 2818 1659 2875 magisque.
1684 2817 1878 2861 liberalis

196 2897 312 2941 filius
344 2903 446 2941 tuus
478 2912 609 2954 quam
644 2902 689 2940 ut
721 2912 770 2939 ex
805 2912 855 2940 eo
889 2899 1127 2941 coriarius
1159 2895 1277 2939 fiat’'.
1312 2895 1507 2939 Maxima
1543 2895 1658 2938 enim
1691 2895 1876 2952 discrep-
