<?xml version="1.0" encoding="UTF-8"?>
<!DOCTYPE html PUBLIC "-//W3C//DTD XHTML 1.0 Transitional//EN"
    "http://www.w3.org/TR/xhtml1/DTD/xhtml1-transitional.dtd">
<html xmlns="http://www.w3.org/1999/xhtml" xml:lang="en" lang="en">
 <head>
  <title>
</title>
<meta http-equiv="Content-Type" content="text/html;charset=utf-8" />
  <meta name='ocr-system' content='tesseract 3.04.00' />
  <meta name='ocr-capabilities' content='ocr_page ocr_carea ocr_par ocr_line ocrx_word'/>
</head>
<body>
  <div class='ocr_page' id='page_1' title='image "./deapologiaxenoph00vrijuoft_0080.png"; bbox 0 0 2019 3299; ppageno 0'>
   <div class='ocr_carea' id='block_1_1' title="bbox 1093 153 1149 196">
    <p class='ocr_par' dir='ltr' id='par_1_1' title="bbox 1093 153 1149 196">
     <span class='ocr_line' id='line_1_1' title="bbox 1093 153 1149 196; baseline 0 0"><span class='ocrx_word' id='word_1_1' title='bbox 1093 153 1149 196; x_wconf 88' lang='lat'>56</span> 
     </span>
    </p>
   </div>
   <div class='ocr_carea' id='block_1_2' title="bbox 661 370 1574 421">
    <p class='ocr_par' dir='ltr' id='par_1_2' title="bbox 661 370 1574 421">
     <span class='ocr_line' id='line_1_2' title="bbox 661 370 1574 421; baseline 0.004 -13"><span class='ocrx_word' id='word_1_2' title='bbox 661 370 682 421; x_wconf 63' lang='grc' dir='ltr'>ἓ</span> <span class='ocrx_word' id='word_1_3' title='bbox 712 374 748 409; x_wconf 88' lang='grc'>9.</span> <span class='ocrx_word' id='word_1_4' title='bbox 805 373 1119 410; x_wconf 86' lang='lat' dir='ltr'>NONNULLAE</span> <span class='ocrx_word' id='word_1_5' title='bbox 1150 375 1574 412; x_wconf 85' lang='lat' dir='ltr'>DISCREPANTIAE.</span> 
     </span>
    </p>
   </div>
   <div class='ocr_carea' id='block_1_3' title="bbox 253 520 1956 2243">
    <p class='ocr_par' dir='ltr' id='par_1_3' title="bbox 267 520 1956 955">
     <span class='ocr_line' id='line_1_3' title="bbox 331 520 1956 582; baseline 0.005 -19"><span class='ocrx_word' id='word_1_6' title='bbox 331 520 559 564; x_wconf 77' lang='lat' dir='ltr'>Platonem</span> <span class='ocrx_word' id='word_1_7' title='bbox 603 526 830 578; x_wconf 86' lang='lat' dir='ltr'>praeterea</span> <span class='ocrx_word' id='word_1_8' title='bbox 871 539 958 567; x_wconf 93' lang='lat' dir='ltr'>non</span> <span class='ocrx_word' id='word_1_9' title='bbox 1003 541 1114 574; x_wconf 88' lang='lat' dir='ltr'>esse,</span> <span class='ocrx_word' id='word_1_10' title='bbox 1160 525 1200 567; x_wconf 85' lang='lat' dir='ltr'>id</span> <span class='ocrx_word' id='word_1_11' title='bbox 1235 525 1350 582; x_wconf 86' lang='lat' dir='ltr'>quod</span> <span class='ocrx_word' id='word_1_12' title='bbox 1385 524 1475 567; x_wconf 92' lang='lat' dir='ltr'>vult</span> <span class='ocrx_word' id='word_1_13' title='bbox 1509 524 1675 582; x_wconf 89' lang='lat' dir='ltr'>Taylor</span> <span class='ocrx_word' id='word_1_14' title='bbox 1707 526 1773 573; x_wconf 89' lang='lat' dir='ltr'>(V.</span> <span class='ocrx_word' id='word_1_15' title='bbox 1807 526 1852 570; x_wconf 89' lang='lat' dir='ltr'>S.</span> <span class='ocrx_word' id='word_1_16' title='bbox 1885 528 1956 576; x_wconf 88' lang='grc'>30,</span> 
     </span>
     <span class='ocr_line' id='line_1_4' title="bbox 269 596 1956 657; baseline 0.005 -19"><span class='ocrx_word' id='word_1_17' title='bbox 269 596 354 647; x_wconf 71' lang='grc'><strong>37),</strong></span> <span class='ocrx_word' id='word_1_18' title='bbox 383 601 604 640; x_wconf 84' lang='lat' dir='ltr'>auctorem</span> <span class='ocrx_word' id='word_1_19' title='bbox 632 613 774 641; x_wconf 85' lang='lat' dir='ltr'>rerum</span> <span class='ocrx_word' id='word_1_20' title='bbox 804 598 1129 644; x_wconf 79' lang='lat' dir='ltr'>Socraticarum</span> <span class='ocrx_word' id='word_1_21' title='bbox 1158 600 1226 644; x_wconf 90' lang='lat' dir='ltr'>cui</span> <span class='ocrx_word' id='word_1_22' title='bbox 1255 601 1349 643; x_wconf 85' lang='lat' dir='ltr'>sine</span> <span class='ocrx_word' id='word_1_23' title='bbox 1377 600 1629 657; x_wconf 88' lang='lat' dir='ltr'>exceptione</span> <span class='ocrx_word' id='word_1_24' title='bbox 1648 601 1776 645; x_wconf 86' lang='lat' dir='ltr'>fidem</span> <span class='ocrx_word' id='word_1_25' title='bbox 1795 602 1956 646; x_wconf 82' lang='lat' dir='ltr'>habere</span> 
     </span>
     <span class='ocr_line' id='line_1_5' title="bbox 270 674 1955 732; baseline 0.005 -19"><span class='ocrx_word' id='word_1_26' title='bbox 270 687 521 728; x_wconf 84' lang='lat' dir='ltr'>possumus,</span> <span class='ocrx_word' id='word_1_27' title='bbox 554 687 695 729; x_wconf 85' lang='lat' dir='ltr'>neque</span> <span class='ocrx_word' id='word_1_28' title='bbox 728 674 856 717; x_wconf 80' lang='lat' dir='ltr'>nobis</span> <span class='ocrx_word' id='word_1_29' title='bbox 890 690 1039 718; x_wconf 82' lang='lat' dir='ltr'>verum</span> <span class='ocrx_word' id='word_1_30' title='bbox 1069 680 1110 718; x_wconf 85' lang='lat' dir='ltr'>et</span> <span class='ocrx_word' id='word_1_31' title='bbox 1144 675 1416 723; x_wconf 82' lang='lat' dir='ltr'>historicum,</span> <span class='ocrx_word' id='word_1_32' title='bbox 1444 691 1574 732; x_wconf 80' lang='lat' dir='ltr'>quem</span> <span class='ocrx_word' id='word_1_33' title='bbox 1604 681 1775 727; x_wconf 84' lang='lat' dir='ltr'>vocant,</span> <span class='ocrx_word' id='word_1_34' title='bbox 1804 677 1955 722; x_wconf 86' lang='lat' dir='ltr'>Socra-</span> 
     </span>
     <span class='ocr_line' id='line_1_6' title="bbox 267 748 1955 808; baseline 0.004 -19"><span class='ocrx_word' id='word_1_35' title='bbox 267 751 353 790; x_wconf 87' lang='lat' dir='ltr'>tem</span> <span class='ocrx_word' id='word_1_36' title='bbox 386 762 557 804; x_wconf 86' lang='lat' dir='ltr'>semper</span> <span class='ocrx_word' id='word_1_37' title='bbox 589 748 855 804; x_wconf 76' lang='lat' dir='ltr'>depinxisse,</span> <span class='ocrx_word' id='word_1_38' title='bbox 889 755 930 793; x_wconf 85' lang='lat' dir='ltr'>et</span> <span class='ocrx_word' id='word_1_39' title='bbox 961 766 1013 793; x_wconf 90' lang='lat' dir='ltr'>ex</span> <span class='ocrx_word' id='word_1_40' title='bbox 1045 751 1144 794; x_wconf 90' lang='lat' dir='ltr'>aliis</span> <span class='ocrx_word' id='word_1_41' title='bbox 1177 752 1307 794; x_wconf 88' lang='lat' dir='ltr'>rebus</span> <span class='ocrx_word' id='word_1_42' title='bbox 1343 751 1469 794; x_wconf 88' lang='lat' dir='ltr'>nobis</span> <span class='ocrx_word' id='word_1_43' title='bbox 1501 752 1779 808; x_wconf 83' lang='lat' dir='ltr'>perspicuum</span> <span class='ocrx_word' id='word_1_44' title='bbox 1808 752 1888 796; x_wconf 84' lang='lat' dir='ltr'>erit</span> <span class='ocrx_word' id='word_1_45' title='bbox 1915 758 1955 796; x_wconf 91' lang='lat' dir='ltr'>et</span> 
     </span>
     <span class='ocr_line' id='line_1_7' title="bbox 267 815 1953 882; baseline 0.005 -18"><span class='ocrx_word' id='word_1_46' title='bbox 267 821 367 865; x_wconf 89' lang='lat' dir='ltr'>inde</span> <span class='ocrx_word' id='word_1_47' title='bbox 398 829 581 879; x_wconf 86' lang='lat' dir='ltr'>apparet</span> <span class='ocrx_word' id='word_1_48' title='bbox 613 824 727 880; x_wconf 81' lang='lat' dir='ltr'>quod</span> <span class='ocrx_word' id='word_1_49' title='bbox 763 824 805 867; x_wconf 92' lang='lat' dir='ltr'>in</span> <span class='ocrx_word' id='word_1_50' title='bbox 838 815 1091 874; x_wconf 87' lang='lat' dir='ltr'>Phaedone,</span> <span class='ocrx_word' id='word_1_51' title='bbox 1143 826 1184 868; x_wconf 93' lang='lat' dir='ltr'>in</span> <span class='ocrx_word' id='word_1_52' title='bbox 1225 826 1458 882; x_wconf 77' lang='lat' dir='ltr'>Apologia,</span> <span class='ocrx_word' id='word_1_53' title='bbox 1492 826 1533 869; x_wconf 90' lang='lat' dir='ltr'>in</span> <span class='ocrx_word' id='word_1_54' title='bbox 1563 826 1739 870; x_wconf 78' lang='lat' dir='ltr'>Critone</span> <span class='ocrx_word' id='word_1_55' title='bbox 1765 827 1848 871; x_wconf 75' lang='lat' dir='ltr'>sibi</span> <span class='ocrx_word' id='word_1_56' title='bbox 1868 844 1953 872; x_wconf 92' lang='lat' dir='ltr'>non</span> 
     </span>
     <span class='ocr_line' id='line_1_8' title="bbox 268 898 758 955; baseline 0.006 -15"><span class='ocrx_word' id='word_1_57' title='bbox 268 902 521 941; x_wconf 70' lang='lat' dir='ltr'>constanter</span> <span class='ocrx_word' id='word_1_58' title='bbox 552 898 758 955; x_wconf 85' lang='lat' dir='ltr'>loquitur.</span> 
     </span>
    </p>

    <p class='ocr_par' dir='ltr' id='par_1_4' title="bbox 265 973 1954 1182">
     <span class='ocr_line' id='line_1_9' title="bbox 327 973 1954 1032; baseline 0.004 -16"><span class='ocrx_word' id='word_1_59' title='bbox 327 973 518 1017; x_wconf 86' lang='lat' dir='ltr'>Laetitia</span> <span class='ocrx_word' id='word_1_60' title='bbox 563 980 603 1017; x_wconf 83' lang='lat' dir='ltr'>et</span> <span class='ocrx_word' id='word_1_61' title='bbox 653 991 753 1031; x_wconf 78' lang='lat' dir='ltr'>spes</span> <span class='ocrx_word' id='word_1_62' title='bbox 798 977 950 1019; x_wconf 84' lang='lat' dir='ltr'>mortis</span> <span class='ocrx_word' id='word_1_63' title='bbox 994 977 1035 1020; x_wconf 88' lang='lat' dir='ltr'>in</span> <span class='ocrx_word' id='word_1_64' title='bbox 1079 979 1310 1032; x_wconf 72' lang='lat' dir='ltr'>Apoloyia</span> <span class='ocrx_word' id='word_1_65' title='bbox 1344 983 1459 1021; x_wconf 83' lang='lat' dir='ltr'>totae</span> <span class='ocrx_word' id='word_1_66' title='bbox 1493 982 1596 1021; x_wconf 85' lang='lat' dir='ltr'>sunt</span> <span class='ocrx_word' id='word_1_67' title='bbox 1628 977 1670 1021; x_wconf 87' lang='lat' dir='ltr'>in</span> <span class='ocrx_word' id='word_1_68' title='bbox 1704 981 1954 1024; x_wconf 79' lang='lat' dir='ltr'>daemonio</span> 
     </span>
     <span class='ocr_line' id='line_1_10' title="bbox 266 1050 1953 1111; baseline 0.001 -17"><span class='ocrx_word' id='word_1_69' title='bbox 266 1054 444 1095; x_wconf 64' lang='lat' dir='ltr'>tacente</span> <span class='ocrx_word' id='word_1_70' title='bbox 473 1050 603 1095; x_wconf 77' lang='lat' dir='ltr'><strong>4OC:</strong></span> <span class='ocrx_word' id='word_1_71' title='bbox 638 1055 685 1093; x_wconf 85' lang='grc' dir='ltr'>οὐ</span> <span class='ocrx_word' id='word_1_72' title='bbox 714 1054 787 1106; x_wconf 74' lang='grc' dir='ltr'>γὰρ</span> <span class='ocrx_word' id='word_1_73' title='bbox 817 1053 898 1094; x_wconf 71' lang='grc' dir='ltr'>ἔσθ’</span> <span class='ocrx_word' id='word_1_74' title='bbox 935 1056 1043 1102; x_wconf 63' lang='lat' dir='ltr'>&amp;mg</span> <span class='ocrx_word' id='word_1_75' title='bbox 1067 1057 1139 1103; x_wconf 68' lang='grc' dir='ltr'>ορκ</span> <span class='ocrx_word' id='word_1_76' title='bbox 1157 1056 1381 1107; x_wconf 78' lang='grc' dir='ltr'><em>ἐναντιώθη</em></span> <span class='ocrx_word' id='word_1_77' title='bbox 1401 1056 1450 1095; x_wconf 75' lang='grc' dir='ltr'>ἂν</span> <span class='ocrx_word' id='word_1_78' title='bbox 1468 1073 1532 1106; x_wconf 88' lang='grc' dir='ltr'>μοι</span> <span class='ocrx_word' id='word_1_79' title='bbox 1552 1057 1593 1096; x_wconf 85' lang='grc' dir='ltr'>τὸ</span> <span class='ocrx_word' id='word_1_80' title='bbox 1611 1057 1754 1103; x_wconf 82' lang='grc' dir='ltr'><em>εἰωθὸς</em></span> <span class='ocrx_word' id='word_1_81' title='bbox 1773 1061 1953 1111; x_wconf 72' lang='grc' dir='ltr'><em>σημεῖον,</em></span> 
     </span>
     <span class='ocr_line' id='line_1_11' title="bbox 265 1128 1146 1182; baseline 0.007 -16"><span class='ocrx_word' id='word_1_82' title='bbox 265 1128 296 1166; x_wconf 79' lang='grc' dir='ltr'>εἰ</span> <span class='ocrx_word' id='word_1_83' title='bbox 328 1130 381 1178; x_wconf 87' lang='grc' dir='ltr'>μή</span> <span class='ocrx_word' id='word_1_84' title='bbox 414 1145 447 1167; x_wconf 81' lang='grc' dir='ltr'>τι</span> <span class='ocrx_word' id='word_1_85' title='bbox 480 1129 640 1178; x_wconf 72' lang='grc' dir='ltr'><em>ἔμελλον</em></span> <span class='ocrx_word' id='word_1_86' title='bbox 673 1130 746 1182; x_wconf 72' lang='grc' dir='ltr'>ἐγὼ</span> <span class='ocrx_word' id='word_1_87' title='bbox 781 1130 938 1182; x_wconf 79' lang='grc' dir='ltr'><em>ἀγαθὸν</em></span> <span class='ocrx_word' id='word_1_88' title='bbox 970 1133 1146 1182; x_wconf 75' lang='grc' dir='ltr'>πράξειν.</span> 
     </span>
    </p>

    <p class='ocr_par' dir='ltr' id='par_1_5' title="bbox 253 1201 1950 2243">
     <span class='ocr_line' id='line_1_12' title="bbox 323 1201 1950 1264; baseline 0.001 -20"><span class='ocrx_word' id='word_1_89' title='bbox 323 1201 371 1244; x_wconf 95' lang='lat' dir='ltr'>In</span> <span class='ocrx_word' id='word_1_90' title='bbox 413 1204 664 1249; x_wconf 77' lang='lat' dir='ltr'>Phaedone</span> <span class='ocrx_word' id='word_1_91' title='bbox 704 1205 834 1262; x_wconf 84' lang='lat' dir='ltr'>longe</span> <span class='ocrx_word' id='word_1_92' title='bbox 877 1207 1003 1250; x_wconf 88' lang='lat' dir='ltr'>aliter</span> <span class='ocrx_word' id='word_1_93' title='bbox 1035 1223 1104 1250; x_wconf 87' lang='lat' dir='ltr'>res</span> <span class='ocrx_word' id='word_1_94' title='bbox 1138 1224 1184 1251; x_wconf 88' lang='lat' dir='ltr'>se</span> <span class='ocrx_word' id='word_1_95' title='bbox 1220 1208 1364 1251; x_wconf 83' lang='lat' dir='ltr'>habet.</span> <span class='ocrx_word' id='word_1_96' title='bbox 1399 1208 1501 1251; x_wconf 92' lang='lat' dir='ltr'>Veri</span> <span class='ocrx_word' id='word_1_97' title='bbox 1534 1206 1783 1264; x_wconf 83' lang='lat' dir='ltr'>philosophi</span> <span class='ocrx_word' id='word_1_98' title='bbox 1814 1207 1871 1261; x_wconf 84' lang='grc' dir='ltr'>(οἱ</span> <span class='ocrx_word' id='word_1_99' title='bbox 1899 1207 1950 1256; x_wconf 83' lang='grc' dir='ltr'>ὡς</span> 
     </span>
     <span class='ocr_line' id='line_1_13' title="bbox 263 1279 1950 1338; baseline 0.007 -21"><span class='ocrx_word' id='word_1_100' title='bbox 263 1279 425 1330; x_wconf 77' lang='grc' dir='ltr'><em>ἀληθῶς</em></span> <span class='ocrx_word' id='word_1_101' title='bbox 453 1284 667 1331; x_wconf 75' lang='grc' dir='ltr'><em>φιλόσοφοι</em></span> <span class='ocrx_word' id='word_1_102' title='bbox 701 1283 756 1325; x_wconf 78' lang='grc'>64</span> <span class='ocrx_word' id='word_1_103' title='bbox 775 1282 838 1333; x_wconf 83' lang='grc' dir='ltr'>Β.,</span> <span class='ocrx_word' id='word_1_104' title='bbox 873 1290 951 1332; x_wconf 81' lang='grc' dir='ltr'><strong><em>τοῖς</em></strong></span> <span class='ocrx_word' id='word_1_105' title='bbox 983 1289 1155 1337; x_wconf 80' lang='grc' dir='ltr'>γνησίως</span> <span class='ocrx_word' id='word_1_106' title='bbox 1183 1287 1421 1335; x_wconf 71' lang='grc' dir='ltr'><em>φιλοσόφοις</em></span> <span class='ocrx_word' id='word_1_107' title='bbox 1455 1285 1510 1328; x_wconf 87' lang='grc'>66</span> <span class='ocrx_word' id='word_1_108' title='bbox 1529 1285 1597 1338; x_wconf 81' lang='lat' dir='ltr'>B.)</span> <span class='ocrx_word' id='word_1_109' title='bbox 1625 1299 1775 1328; x_wconf 79' lang='lat' dir='ltr'>verum</span> <span class='ocrx_word' id='word_1_110' title='bbox 1805 1283 1950 1328; x_wconf 82' lang='lat' dir='ltr'>Videre</span> 
     </span>
     <span class='ocr_line' id='line_1_14' title="bbox 262 1355 1949 1415; baseline 0.003 -18"><span class='ocrx_word' id='word_1_111' title='bbox 262 1355 411 1398; x_wconf 91' lang='lat' dir='ltr'>animo</span> <span class='ocrx_word' id='word_1_112' title='bbox 454 1357 758 1400; x_wconf 78' lang='lat' dir='ltr'>tantummodo</span> <span class='ocrx_word' id='word_1_113' title='bbox 802 1364 1001 1415; x_wconf 82' lang='lat' dir='ltr'>possunt,</span> <span class='ocrx_word' id='word_1_114' title='bbox 1041 1360 1095 1402; x_wconf 76' lang='lat'>65</span> <span class='ocrx_word' id='word_1_115' title='bbox 1115 1360 1162 1402; x_wconf 85' lang='lat' dir='ltr'>B.</span> <span class='ocrx_word' id='word_1_116' title='bbox 1183 1359 1205 1411; x_wconf 45' lang='grc' dir='ltr'>’ἡ</span> <span class='ocrx_word' id='word_1_117' title='bbox 1239 1361 1347 1412; x_wconf 73' lang='grc' dir='ltr'>ψυχὴ</span> <span class='ocrx_word' id='word_1_118' title='bbox 1380 1368 1446 1411; x_wconf 71' lang='grc' dir='ltr'>τῆς</span> <span class='ocrx_word' id='word_1_119' title='bbox 1480 1361 1671 1412; x_wconf 77' lang='grc' dir='ltr'><em>ἀληθείας</em></span> <span class='ocrx_word' id='word_1_120' title='bbox 1704 1362 1863 1400; x_wconf 77' lang='grc' dir='ltr'><em>ἅπτεται</em></span> <span class='ocrx_word' id='word_1_121' title='bbox 1895 1359 1949 1410; x_wconf 78' lang='lat' dir='ltr'>cf,</span> 
     </span>
     <span class='ocr_line' id='line_1_15' title="bbox 262 1430 1946 1492; baseline 0.003 -19"><span class='ocrx_word' id='word_1_122' title='bbox 262 1430 316 1473; x_wconf 89' lang='lat'>67</span> <span class='ocrx_word' id='word_1_123' title='bbox 337 1431 386 1474; x_wconf 92' lang='lat' dir='ltr'>D.</span> <span class='ocrx_word' id='word_1_124' title='bbox 411 1431 459 1474; x_wconf 90' lang='lat' dir='ltr'>E.</span> <span class='ocrx_word' id='word_1_125' title='bbox 507 1432 748 1476; x_wconf 75' lang='lat' dir='ltr'>Laetantur</span> <span class='ocrx_word' id='word_1_126' title='bbox 796 1450 899 1490; x_wconf 79' lang='lat' dir='ltr'>ergo</span> <span class='ocrx_word' id='word_1_127' title='bbox 948 1435 1144 1478; x_wconf 92' lang='lat' dir='ltr'>animum</span> <span class='ocrx_word' id='word_1_128' title='bbox 1193 1451 1374 1492; x_wconf 77' lang='lat' dir='ltr'>corpore</span> <span class='ocrx_word' id='word_1_129' title='bbox 1422 1435 1612 1478; x_wconf 86' lang='lat' dir='ltr'>liberari.</span> <span class='ocrx_word' id='word_1_130' title='bbox 1660 1434 1755 1478; x_wconf 87' lang='lat' dir='ltr'>Sibi</span> <span class='ocrx_word' id='word_1_131' title='bbox 1802 1434 1946 1492; x_wconf 90' lang='lat' dir='ltr'>ipsum</span> 
     </span>
     <span class='ocr_line' id='line_1_16' title="bbox 261 1507 1945 1564; baseline 0.002 -15"><span class='ocrx_word' id='word_1_132' title='bbox 261 1522 421 1550; x_wconf 72' lang='lat' dir='ltr'>manus</span> <span class='ocrx_word' id='word_1_133' title='bbox 468 1507 623 1552; x_wconf 70' lang='lat' dir='ltr'>afferre</span> <span class='ocrx_word' id='word_1_134' title='bbox 671 1509 740 1553; x_wconf 74' lang='lat' dir='ltr'>fas</span> <span class='ocrx_word' id='word_1_135' title='bbox 789 1525 875 1553; x_wconf 80' lang='lat' dir='ltr'>non</span> <span class='ocrx_word' id='word_1_136' title='bbox 926 1515 1012 1553; x_wconf 77' lang='lat' dir='ltr'>est:</span> <span class='ocrx_word' id='word_1_137' title='bbox 1061 1512 1179 1551; x_wconf 72' lang='grc' dir='ltr'><em>ἄλλον</em></span> <span class='ocrx_word' id='word_1_138' title='bbox 1223 1515 1284 1551; x_wconf 78' lang='grc' dir='ltr'>δεῖ</span> <span class='ocrx_word' id='word_1_139' title='bbox 1322 1512 1547 1563; x_wconf 78' lang='grc' dir='ltr'><em>περιμένειν</em></span> <span class='ocrx_word' id='word_1_140' title='bbox 1579 1511 1787 1564; x_wconf 80' lang='grc' dir='ltr'><em>εὐεργέτην</em></span> <span class='ocrx_word' id='word_1_141' title='bbox 1819 1511 1875 1554; x_wconf 71' lang='grc'>62</span> <span class='ocrx_word' id='word_1_142' title='bbox 1894 1510 1945 1553; x_wconf 86' lang='grc' dir='ltr'>Α.</span> 
     </span>
     <span class='ocr_line' id='line_1_17' title="bbox 262 1581 1946 1644; baseline 0.003 -20"><span class='ocrx_word' id='word_1_143' title='bbox 262 1581 530 1626; x_wconf 86' lang='lat' dir='ltr'>Beneficium</span> <span class='ocrx_word' id='word_1_144' title='bbox 566 1600 667 1640; x_wconf 81' lang='lat' dir='ltr'>ergo</span> <span class='ocrx_word' id='word_1_145' title='bbox 702 1600 820 1627; x_wconf 85' lang='lat' dir='ltr'>mors</span> <span class='ocrx_word' id='word_1_146' title='bbox 852 1591 929 1628; x_wconf 84' lang='lat' dir='ltr'>est.</span> <span class='ocrx_word' id='word_1_147' title='bbox 963 1586 1053 1629; x_wconf 88' lang='lat' dir='ltr'>Iam</span> <span class='ocrx_word' id='word_1_148' title='bbox 1089 1587 1237 1630; x_wconf 86' lang='lat' dir='ltr'>multis</span> <span class='ocrx_word' id='word_1_149' title='bbox 1265 1586 1393 1630; x_wconf 83' lang='lat' dir='ltr'>annis</span> <span class='ocrx_word' id='word_1_150' title='bbox 1421 1592 1665 1644; x_wconf 50' lang='lat' dir='ltr'>antequam&gt;</span> <span class='ocrx_word' id='word_1_151' title='bbox 1686 1602 1786 1630; x_wconf 89' lang='lat' dir='ltr'>reus</span> <span class='ocrx_word' id='word_1_152' title='bbox 1804 1586 1946 1630; x_wconf 85' lang='lat' dir='ltr'>faetus</span> 
     </span>
     <span class='ocr_line' id='line_1_18' title="bbox 260 1658 1944 1718; baseline 0.004 -17"><span class='ocrx_word' id='word_1_153' title='bbox 260 1663 339 1708; x_wconf 89' lang='lat' dir='ltr'>est,</span> <span class='ocrx_word' id='word_1_154' title='bbox 370 1658 572 1702; x_wconf 79' lang='lat' dir='ltr'>credibile</span> <span class='ocrx_word' id='word_1_155' title='bbox 606 1665 671 1703; x_wconf 82' lang='lat' dir='ltr'>est</span> <span class='ocrx_word' id='word_1_156' title='bbox 699 1660 941 1711; x_wconf 77' lang='lat' dir='ltr'>Socratem,</span> <span class='ocrx_word' id='word_1_157' title='bbox 970 1665 1131 1718; x_wconf 74' lang='lat' dir='ltr'>qualis</span> <span class='ocrx_word' id='word_1_158' title='bbox 1156 1666 1210 1706; x_wconf 79' lang='lat' dir='ltr'>in</span> <span class='ocrx_word' id='word_1_159' title='bbox 1235 1665 1486 1707; x_wconf 73' lang='lat' dir='ltr'>Phaedone</span> <span class='ocrx_word' id='word_1_160' title='bbox 1505 1664 1638 1706; x_wconf 78' lang='lat' dir='ltr'>nobis</span> <span class='ocrx_word' id='word_1_161' title='bbox 1654 1665 1944 1718; x_wconf 66' lang='lat' dir='ltr'>depingitur.</span> 
     </span>
     <span class='ocr_line' id='line_1_19' title="bbox 260 1736 1944 1795; baseline 0.002 -20"><span class='ocrx_word' id='word_1_162' title='bbox 260 1738 397 1777; x_wconf 89' lang='lat' dir='ltr'>morte</span> <span class='ocrx_word' id='word_1_163' title='bbox 444 1750 525 1778; x_wconf 86' lang='lat' dir='ltr'>sua</span> <span class='ocrx_word' id='word_1_164' title='bbox 572 1736 775 1791; x_wconf 82' lang='lat' dir='ltr'>gavisum</span> <span class='ocrx_word' id='word_1_165' title='bbox 826 1753 936 1780; x_wconf 83' lang='lat' dir='ltr'>esse.</span> <span class='ocrx_word' id='word_1_166' title='bbox 988 1738 1079 1780; x_wconf 87' lang='lat' dir='ltr'>Iam</span> <span class='ocrx_word' id='word_1_167' title='bbox 1124 1738 1272 1781; x_wconf 85' lang='lat' dir='ltr'>multis</span> <span class='ocrx_word' id='word_1_168' title='bbox 1316 1738 1446 1781; x_wconf 84' lang='lat' dir='ltr'>annis</span> <span class='ocrx_word' id='word_1_169' title='bbox 1479 1743 1580 1781; x_wconf 86' lang='lat' dir='ltr'>ante</span> <span class='ocrx_word' id='word_1_170' title='bbox 1612 1752 1874 1795; x_wconf 87' lang='lat' dir='ltr'>persuasum</span> <span class='ocrx_word' id='word_1_171' title='bbox 1906 1736 1944 1780; x_wconf 89' lang='lat' dir='ltr'>ei</span> 
     </span>
     <span class='ocr_line' id='line_1_20' title="bbox 259 1812 1944 1870; baseline 0.003 -19"><span class='ocrx_word' id='word_1_172' title='bbox 259 1814 351 1852; x_wconf 82' lang='lat' dir='ltr'>erat</span> <span class='ocrx_word' id='word_1_173' title='bbox 385 1816 566 1854; x_wconf 88' lang='lat' dir='ltr'>mortem</span> <span class='ocrx_word' id='word_1_174' title='bbox 602 1827 700 1854; x_wconf 86' lang='lat' dir='ltr'>esse</span> <span class='ocrx_word' id='word_1_175' title='bbox 733 1828 956 1856; x_wconf 89' lang='lat' dir='ltr'>summum</span> <span class='ocrx_word' id='word_1_176' title='bbox 992 1814 1168 1856; x_wconf 90' lang='lat' dir='ltr'>bonum.</span> <span class='ocrx_word' id='word_1_177' title='bbox 1206 1814 1333 1857; x_wconf 92' lang='lat' dir='ltr'>Hanc</span> <span class='ocrx_word' id='word_1_178' title='bbox 1364 1814 1418 1856; x_wconf 85' lang='lat' dir='ltr'>ob</span> <span class='ocrx_word' id='word_1_179' title='bbox 1451 1829 1629 1857; x_wconf 88' lang='lat' dir='ltr'>causam</span> <span class='ocrx_word' id='word_1_180' title='bbox 1665 1813 1820 1870; x_wconf 89' lang='lat' dir='ltr'>plenus</span> <span class='ocrx_word' id='word_1_181' title='bbox 1853 1812 1944 1869; x_wconf 88' lang='lat' dir='ltr'>spei</span> 
     </span>
     <span class='ocr_line' id='line_1_21' title="bbox 259 1885 1944 1942; baseline 0.001 -15"><span class='ocrx_word' id='word_1_182' title='bbox 259 1889 323 1928; x_wconf 67' lang='lat' dir='ltr'>est</span> <span class='ocrx_word' id='word_1_183' title='bbox 366 1885 408 1928; x_wconf 82' lang='lat' dir='ltr'>ill</span> <span class='ocrx_word' id='word_1_184' title='bbox 453 1886 688 1930; x_wconf 76' lang='lat' dir='ltr'>Phaedone</span> <span class='ocrx_word' id='word_1_185' title='bbox 729 1889 784 1931; x_wconf 80' lang='grc'>63</span> <span class='ocrx_word' id='word_1_186' title='bbox 803 1889 849 1932; x_wconf 83' lang='lat' dir='ltr'>C.</span> <span class='ocrx_word' id='word_1_187' title='bbox 884 1890 1038 1938; x_wconf 75' lang='grc' dir='ltr'><strong><em>εὔελπίς</em></strong></span> <span class='ocrx_word' id='word_1_188' title='bbox 1070 1892 1160 1940; x_wconf 74' lang='grc' dir='ltr'><em>εἰμι,</em></span> <span class='ocrx_word' id='word_1_189' title='bbox 1193 1890 1249 1933; x_wconf 75' lang='grc'>64</span> <span class='ocrx_word' id='word_1_190' title='bbox 1268 1890 1319 1932; x_wconf 83' lang='grc' dir='ltr'>Α.</span> <span class='ocrx_word' id='word_1_191' title='bbox 1354 1891 1507 1938; x_wconf 75' lang='grc' dir='ltr'><em>εὔελπις</em></span> <span class='ocrx_word' id='word_1_192' title='bbox 1540 1887 1644 1930; x_wconf 82' lang='grc' dir='ltr'><em>εἶναι</em></span> <span class='ocrx_word' id='word_1_193' title='bbox 1677 1891 1756 1929; x_wconf 79' lang='grc' dir='ltr'><em>ἐκεῖ</em></span> <span class='ocrx_word' id='word_1_194' title='bbox 1784 1891 1944 1942; x_wconf 80' lang='grc' dir='ltr'><em>μέγιστα</em></span> 
     </span>
     <span class='ocr_line' id='line_1_22' title="bbox 256 1962 1945 2021; baseline 0.005 -23"><span class='ocrx_word' id='word_1_195' title='bbox 256 1962 440 2001; x_wconf 80' lang='grc' dir='ltr'><em>οἴσεσθαι</em></span> <span class='ocrx_word' id='word_1_196' title='bbox 481 1964 630 2015; x_wconf 71' lang='grc' dir='ltr'><em>ἀγαθά,</em></span> <span class='ocrx_word' id='word_1_197' title='bbox 672 1965 786 2020; x_wconf 79' lang='lat' dir='ltr'>quod</span> <span class='ocrx_word' id='word_1_198' title='bbox 831 1964 1009 2008; x_wconf 88' lang='lat' dir='ltr'>iamiam</span> <span class='ocrx_word' id='word_1_199' title='bbox 1054 1981 1230 2008; x_wconf 83' lang='lat' dir='ltr'>summo</span> <span class='ocrx_word' id='word_1_200' title='bbox 1265 1966 1339 2008; x_wconf 89' lang='lat' dir='ltr'>illo</span> <span class='ocrx_word' id='word_1_201' title='bbox 1374 1966 1488 2008; x_wconf 92' lang='lat' dir='ltr'>bono</span> <span class='ocrx_word' id='word_1_202' title='bbox 1522 1964 1606 2008; x_wconf 76' lang='lat' dir='ltr'>frui</span> <span class='ocrx_word' id='word_1_203' title='bbox 1639 1965 1676 2008; x_wconf 91' lang='lat' dir='ltr'>ei</span> <span class='ocrx_word' id='word_1_204' title='bbox 1710 1965 1945 2021; x_wconf 80' lang='lat' dir='ltr'>continget.</span> 
     </span>
     <span class='ocr_line' id='line_1_23' title="bbox 256 2035 1942 2097; baseline 0.004 -19"><span class='ocrx_word' id='word_1_205' title='bbox 256 2035 419 2080; x_wconf 89' lang='lat' dir='ltr'>Contra</span> <span class='ocrx_word' id='word_1_206' title='bbox 467 2037 629 2083; x_wconf 78' lang='lat' dir='ltr'>Pliaed.</span> <span class='ocrx_word' id='word_1_207' title='bbox 678 2041 747 2087; x_wconf 84' lang='lat'>85,</span> <span class='ocrx_word' id='word_1_208' title='bbox 799 2057 927 2097; x_wconf 81' lang='lat' dir='ltr'>quem</span> <span class='ocrx_word' id='word_1_209' title='bbox 976 2041 1120 2084; x_wconf 90' lang='lat' dir='ltr'>locum</span> <span class='ocrx_word' id='word_1_210' title='bbox 1169 2058 1265 2084; x_wconf 93' lang='lat' dir='ltr'>cum</span> <span class='ocrx_word' id='word_1_211' title='bbox 1316 2040 1549 2085; x_wconf 85' lang='lat' dir='ltr'>daemonio</span> <span class='ocrx_word' id='word_1_212' title='bbox 1591 2041 1942 2097; x_wconf 90' lang='lat' dir='ltr'>componendum</span> 
     </span>
     <span class='ocr_line' id='line_1_24' title="bbox 255 2113 1941 2175; baseline 0.003 -21"><span class='ocrx_word' id='word_1_213' title='bbox 255 2127 352 2154; x_wconf 84' lang='lat' dir='ltr'>esse</span> <span class='ocrx_word' id='word_1_214' title='bbox 402 2113 606 2164; x_wconf 88' lang='lat' dir='ltr'>vidimus,</span> <span class='ocrx_word' id='word_1_215' title='bbox 655 2130 756 2171; x_wconf 88' lang='lat' dir='ltr'>spes</span> <span class='ocrx_word' id='word_1_216' title='bbox 804 2116 961 2166; x_wconf 87' lang='lat' dir='ltr'>denuo,</span> <span class='ocrx_word' id='word_1_217' title='bbox 1012 2116 1123 2160; x_wconf 88' lang='lat' dir='ltr'>sicut</span> <span class='ocrx_word' id='word_1_218' title='bbox 1173 2118 1213 2160; x_wconf 93' lang='lat' dir='ltr'>in</span> <span class='ocrx_word' id='word_1_219' title='bbox 1264 2117 1494 2175; x_wconf 83' lang='lat' dir='ltr'>Apologia,</span> <span class='ocrx_word' id='word_1_220' title='bbox 1543 2119 1806 2163; x_wconf 78' lang='lat' dir='ltr'>daemonio.</span> <span class='ocrx_word' id='word_1_221' title='bbox 1855 2132 1941 2160; x_wconf 93' lang='lat' dir='ltr'>non</span> 
     </span>
     <span class='ocr_line' id='line_1_25' title="bbox 253 2189 817 2243; baseline 0.005 -12"><span class='ocrx_word' id='word_1_222' title='bbox 253 2190 486 2243; x_wconf 74' lang='lat' dir='ltr'>doctrina,</span> <span class='ocrx_word' id='word_1_223' title='bbox 521 2189 600 2232; x_wconf 85' lang='lat' dir='ltr'>niti</span> <span class='ocrx_word' id='word_1_224' title='bbox 636 2190 817 2234; x_wconf 84' lang='lat' dir='ltr'>videtur.</span> 
     </span>
    </p>
   </div>
   <div class='ocr_carea' id='block_1_4' title="bbox 244 2338 1940 3008">
    <p class='ocr_par' dir='ltr' id='par_1_6' title="bbox 244 2338 1940 3008">
     <span class='ocr_line' id='line_1_26' title="bbox 312 2338 1940 2397; baseline 0.005 -16"><span class='ocrx_word' id='word_1_225' title='bbox 312 2338 360 2381; x_wconf 87' lang='lat' dir='ltr'>ln</span> <span class='ocrx_word' id='word_1_226' title='bbox 419 2339 638 2397; x_wconf 80' lang='lat' dir='ltr'>Apologia</span> <span class='ocrx_word' id='word_1_227' title='bbox 689 2343 760 2390; x_wconf 81' lang='lat'>40,</span> <span class='ocrx_word' id='word_1_228' title='bbox 807 2343 859 2386; x_wconf 49' lang='lat'>4¹1</span> <span class='ocrx_word' id='word_1_229' title='bbox 913 2344 1118 2388; x_wconf 80' lang='lat' dir='ltr'>Socrates</span> <span class='ocrx_word' id='word_1_230' title='bbox 1167 2345 1439 2389; x_wconf 85' lang='lat' dir='ltr'>demonstrat</span> <span class='ocrx_word' id='word_1_231' title='bbox 1487 2351 1671 2389; x_wconf 85' lang='lat' dir='ltr'>mortem</span> <span class='ocrx_word' id='word_1_232' title='bbox 1720 2361 1818 2389; x_wconf 83' lang='lat' dir='ltr'>esse</span> <span class='ocrx_word' id='word_1_233' title='bbox 1865 2349 1940 2389; x_wconf 81' lang='lat' dir='ltr'>aut</span> 
     </span>
     <span class='ocr_line' id='line_1_27' title="bbox 251 2416 1940 2479; baseline 0.004 -22"><span class='ocrx_word' id='word_1_234' title='bbox 251 2418 410 2458; x_wconf 77' lang='lat' dir='ltr'>somni</span> <span class='ocrx_word' id='word_1_235' title='bbox 437 2416 504 2458; x_wconf 90' lang='lat' dir='ltr'>vel</span> <span class='ocrx_word' id='word_1_236' title='bbox 537 2421 690 2461; x_wconf 72' lang='lat' dir='ltr'>noctis</span> <span class='ocrx_word' id='word_1_237' title='bbox 722 2419 909 2462; x_wconf 84' lang='lat' dir='ltr'>similem</span> <span class='ocrx_word' id='word_1_238' title='bbox 945 2425 1020 2463; x_wconf 81' lang='lat' dir='ltr'>aut</span> <span class='ocrx_word' id='word_1_239' title='bbox 1047 2424 1399 2476; x_wconf 63' lang='lat' dir='ltr'>migrationem.</span> <span class='ocrx_word' id='word_1_240' title='bbox 1430 2421 1673 2479; x_wconf 84' lang='lat' dir='ltr'>Utrumque</span> <span class='ocrx_word' id='word_1_241' title='bbox 1703 2421 1740 2464; x_wconf 92' lang='lat' dir='ltr'>ei</span> <span class='ocrx_word' id='word_1_242' title='bbox 1770 2421 1940 2464; x_wconf 85' lang='lat' dir='ltr'>videtur</span> 
     </span>
     <span class='ocr_line' id='line_1_28' title="bbox 250 2488 1938 2554; baseline 0.005 -23"><span class='ocrx_word' id='word_1_243' title='bbox 250 2488 636 2535; x_wconf 87' lang='lat' dir='ltr'>iucundissimum.</span> <span class='ocrx_word' id='word_1_244' title='bbox 685 2494 742 2536; x_wconf 88' lang='lat' dir='ltr'>At</span> <span class='ocrx_word' id='word_1_245' title='bbox 790 2494 831 2536; x_wconf 89' lang='lat' dir='ltr'>in</span> <span class='ocrx_word' id='word_1_246' title='bbox 881 2494 1117 2538; x_wconf 85' lang='lat' dir='ltr'>Phaedone</span> <span class='ocrx_word' id='word_1_247' title='bbox 1158 2496 1211 2539; x_wconf 71' lang='lat'>72</span> <span class='ocrx_word' id='word_1_248' title='bbox 1256 2496 1370 2540; x_wconf 82' lang='lat' dir='ltr'>B.C.</span> <span class='ocrx_word' id='word_1_249' title='bbox 1415 2497 1576 2554; x_wconf 86' lang='lat' dir='ltr'>apertis</span> <span class='ocrx_word' id='word_1_250' title='bbox 1610 2496 1754 2539; x_wconf 82' lang='lat' dir='ltr'>verbis</span> <span class='ocrx_word' id='word_1_251' title='bbox 1787 2501 1938 2540; x_wconf 84' lang='lat' dir='ltr'>contra</span> 
     </span>
     <span class='ocr_line' id='line_1_29' title="bbox 250 2565 1934 2625; baseline 0.005 -18"><span class='ocrx_word' id='word_1_252' title='bbox 250 2565 362 2608; x_wconf 87' lang='lat' dir='ltr'>hanc</span> <span class='ocrx_word' id='word_1_253' title='bbox 394 2567 657 2611; x_wconf 88' lang='lat' dir='ltr'>sententiam</span> <span class='ocrx_word' id='word_1_254' title='bbox 686 2569 907 2625; x_wconf 87' lang='lat' dir='ltr'>disputat;</span> <span class='ocrx_word' id='word_1_255' title='bbox 943 2575 1124 2614; x_wconf 90' lang='lat' dir='ltr'>mortem</span> <span class='ocrx_word' id='word_1_256' title='bbox 1159 2587 1256 2614; x_wconf 87' lang='lat' dir='ltr'>esse</span> <span class='ocrx_word' id='word_1_257' title='bbox 1292 2571 1435 2615; x_wconf 90' lang='lat' dir='ltr'>somni</span> <span class='ocrx_word' id='word_1_258' title='bbox 1468 2572 1535 2615; x_wconf 89' lang='lat' dir='ltr'>vel</span> <span class='ocrx_word' id='word_1_259' title='bbox 1566 2574 1705 2615; x_wconf 83' lang='lat' dir='ltr'>noetis</span> <span class='ocrx_word' id='word_1_260' title='bbox 1732 2571 1934 2622; x_wconf 85' lang='lat' dir='ltr'>similem,</span> 
     </span>
     <span class='ocr_line' id='line_1_30' title="bbox 249 2646 1934 2702; baseline 0.004 -20"><span class='ocrx_word' id='word_1_261' title='bbox 249 2656 299 2683; x_wconf 90' lang='lat' dir='ltr'>ex</span> <span class='ocrx_word' id='word_1_262' title='bbox 341 2657 429 2698; x_wconf 85' lang='lat' dir='ltr'>qua</span> <span class='ocrx_word' id='word_1_263' title='bbox 470 2657 599 2685; x_wconf 90' lang='lat' dir='ltr'>nemo</span> <span class='ocrx_word' id='word_1_264' title='bbox 643 2659 837 2701; x_wconf 89' lang='lat' dir='ltr'>unquam</span> <span class='ocrx_word' id='word_1_265' title='bbox 886 2646 1210 2702; x_wconf 83' lang='lat' dir='ltr'>expergiscetur</span> <span class='ocrx_word' id='word_1_266' title='bbox 1248 2648 1392 2702; x_wconf 88' lang='lat' dir='ltr'>(Apol.</span> <span class='ocrx_word' id='word_1_267' title='bbox 1435 2647 1543 2691; x_wconf 78' lang='lat' dir='ltr'>40E</span> <span class='ocrx_word' id='word_1_268' title='bbox 1586 2648 1706 2688; x_wconf 75' lang='grc' dir='ltr'>οὐδὲν</span> <span class='ocrx_word' id='word_1_269' title='bbox 1738 2652 1882 2687; x_wconf 80' lang='grc' dir='ltr'><em>πλείων</em></span> <span class='ocrx_word' id='word_1_270' title='bbox 1914 2648 1934 2688; x_wconf 88' lang='grc' dir='ltr'><em>ὁ</em></span> 
     </span>
     <span class='ocr_line' id='line_1_31' title="bbox 247 2720 1932 2779; baseline 0.007 -25"><span class='ocrx_word' id='word_1_271' title='bbox 247 2724 342 2764; x_wconf 81' lang='grc' dir='ltr'>πᾶς</span> <span class='ocrx_word' id='word_1_272' title='bbox 389 2720 567 2769; x_wconf 79' lang='grc' dir='ltr'>χρόνος</span> <span class='ocrx_word' id='word_1_273' title='bbox 615 2722 801 2765; x_wconf 74' lang='grc' dir='ltr'><em>φαίνεται</em></span> <span class='ocrx_word' id='word_1_274' title='bbox 849 2723 951 2761; x_wconf 78' lang='grc' dir='ltr'><em>οὕτω</em></span> <span class='ocrx_word' id='word_1_275' title='bbox 1000 2723 1048 2773; x_wconf 72' lang='grc' dir='ltr'>δὴ</span> <span class='ocrx_word' id='word_1_276' title='bbox 1097 2720 1198 2762; x_wconf 76' lang='grc' dir='ltr'><em>εἶναι</em></span> <span class='ocrx_word' id='word_1_277' title='bbox 1245 2723 1269 2775; x_wconf 72' lang='grc' dir='ltr'>ἢ</span> <span class='ocrx_word' id='word_1_278' title='bbox 1318 2727 1386 2773; x_wconf 81' lang='grc' dir='ltr'>μία</span> <span class='ocrx_word' id='word_1_279' title='bbox 1434 2722 1524 2777; x_wconf 79' lang='grc' dir='ltr'>νύξ)</span> <span class='ocrx_word' id='word_1_280' title='bbox 1572 2739 1752 2779; x_wconf 73' lang='lat' dir='ltr'>prorsus</span> <span class='ocrx_word' id='word_1_281' title='bbox 1798 2723 1932 2766; x_wconf 71' lang='lat' dir='ltr'>reicit.</span> 
     </span>
     <span class='ocr_line' id='line_1_32' title="bbox 245 2788 1930 2855; baseline 0.006 -22"><span class='ocrx_word' id='word_1_282' title='bbox 245 2791 417 2834; x_wconf 79' lang='lat' dir='ltr'>Acriter</span> <span class='ocrx_word' id='word_1_283' title='bbox 460 2809 557 2836; x_wconf 88' lang='lat' dir='ltr'>eam</span> <span class='ocrx_word' id='word_1_284' title='bbox 614 2797 877 2841; x_wconf 85' lang='lat' dir='ltr'>sententiam</span> <span class='ocrx_word' id='word_1_285' title='bbox 922 2798 1165 2855; x_wconf 84' lang='lat' dir='ltr'>impugnat.</span> <span class='ocrx_word' id='word_1_286' title='bbox 1208 2798 1307 2855; x_wconf 92' lang='lat' dir='ltr'>Ipse</span> <span class='ocrx_word' id='word_1_287' title='bbox 1348 2788 1483 2843; x_wconf 75' lang='lat' dir='ltr'>lector</span> <span class='ocrx_word' id='word_1_288' title='bbox 1515 2800 1756 2843; x_wconf 89' lang='lat' dir='ltr'>benevolus</span> <span class='ocrx_word' id='word_1_289' title='bbox 1787 2799 1930 2843; x_wconf 87' lang='lat' dir='ltr'>locum</span> 
     </span>
     <span class='ocr_line' id='line_1_33' title="bbox 246 2865 1931 2931; baseline 0.006 -23"><span class='ocrx_word' id='word_1_290' title='bbox 246 2865 450 2922; x_wconf 81' lang='lat' dir='ltr'>inspiciat</span> <span class='ocrx_word' id='word_1_291' title='bbox 495 2869 623 2912; x_wconf 90' lang='lat' dir='ltr'>velim</span> <span class='ocrx_word' id='word_1_292' title='bbox 668 2876 709 2913; x_wconf 89' lang='lat' dir='ltr'>et</span> <span class='ocrx_word' id='word_1_293' title='bbox 751 2872 844 2916; x_wconf 87' lang='lat' dir='ltr'>eius</span> <span class='ocrx_word' id='word_1_294' title='bbox 888 2873 1231 2930; x_wconf 84' lang='lat' dir='ltr'>disputationem</span> <span class='ocrx_word' id='word_1_295' title='bbox 1270 2875 1385 2931; x_wconf 80' lang='lat' dir='ltr'>legat</span> <span class='ocrx_word' id='word_1_296' title='bbox 1413 2875 1499 2925; x_wconf 88' lang='lat'>(71,</span> <span class='ocrx_word' id='word_1_297' title='bbox 1532 2875 1616 2925; x_wconf 74' lang='lat'><strong>72).</strong></span> <span class='ocrx_word' id='word_1_298' title='bbox 1651 2875 1698 2918; x_wconf 86' lang='lat' dir='ltr'>Si</span> <span class='ocrx_word' id='word_1_299' title='bbox 1730 2874 1931 2918; x_wconf 91' lang='lat' dir='ltr'>homines</span> 
     </span>
     <span class='ocr_line' id='line_1_34' title="bbox 244 2942 1930 3008; baseline 0.004 -23"><span class='ocrx_word' id='word_1_300' title='bbox 244 2946 286 2985; x_wconf 87' lang='lat' dir='ltr'>et</span> <span class='ocrx_word' id='word_1_301' title='bbox 316 2942 529 2987; x_wconf 90' lang='lat' dir='ltr'>animalia</span> <span class='ocrx_word' id='word_1_302' title='bbox 559 2961 800 3002; x_wconf 82' lang='lat' dir='ltr'>numquam</span> <span class='ocrx_word' id='word_1_303' title='bbox 835 2948 1253 3008; x_wconf 80' lang='lat' dir='ltr'>expergiscerentur,</span> <span class='ocrx_word' id='word_1_304' title='bbox 1289 2954 1558 3008; x_wconf 85' lang='lat' dir='ltr'>postremum</span> <span class='ocrx_word' id='word_1_305' title='bbox 1589 2949 1698 2993; x_wconf 79' lang='grc' dir='ltr'><em>πάντ’</em></span> <span class='ocrx_word' id='word_1_306' title='bbox 1733 2950 1782 2991; x_wconf 75' lang='grc' dir='ltr'>ἂν</span> <span class='ocrx_word' id='word_1_307' title='bbox 1808 2955 1930 3005; x_wconf 80' lang='grc' dir='ltr'><strong><em>λῆρον</em></strong></span> 
     </span>
    </p>
   </div>
  </div>
 </body>
</html>
