<?xml version="1.0" encoding="UTF-8"?>
<!DOCTYPE html PUBLIC "-//W3C//DTD XHTML 1.0 Transitional//EN"
    "http://www.w3.org/TR/xhtml1/DTD/xhtml1-transitional.dtd">
<html xmlns="http://www.w3.org/1999/xhtml" xml:lang="en" lang="en">
 <head>
  <title>
</title>
<meta http-equiv="Content-Type" content="text/html;charset=utf-8" />
  <meta name='ocr-system' content='tesseract 3.04.00' />
  <meta name='ocr-capabilities' content='ocr_page ocr_carea ocr_par ocr_line ocrx_word'/>
</head>
<body>
  <div class='ocr_page' id='page_1' title='image "./deapologiaxenoph00vrijuoft_0076.png"; bbox 0 0 2019 3299; ppageno 0'>
   <div class='ocr_carea' id='block_1_1' title="bbox 1053 185 1109 228">
    <p class='ocr_par' dir='ltr' id='par_1_1' title="bbox 1053 185 1109 228">
     <span class='ocr_line' id='line_1_1' title="bbox 1053 185 1109 228; baseline -0.018 0"><span class='ocrx_word' id='word_1_1' title='bbox 1053 185 1109 228; x_wconf 75' lang='lat'>52</span> 
     </span>
    </p>
   </div>
   <div class='ocr_carea' id='block_1_2' title="bbox 236 308 1926 1271">
    <p class='ocr_par' dir='ltr' id='par_1_2' title="bbox 236 308 1919 433">
     <span class='ocr_line' id='line_1_2' title="bbox 296 308 1919 366; baseline 0.001 -14"><span class='ocrx_word' id='word_1_2' title='bbox 296 309 510 353; x_wconf 84' lang='lat' dir='ltr'>Nonnulli</span> <span class='ocrx_word' id='word_1_3' title='bbox 553 313 701 352; x_wconf 88' lang='lat' dir='ltr'>autem</span> <span class='ocrx_word' id='word_1_4' title='bbox 746 308 971 352; x_wconf 75' lang='lat' dir='ltr'>Socratem</span> <span class='ocrx_word' id='word_1_5' title='bbox 1006 309 1212 352; x_wconf 84' lang='lat' dir='ltr'>deserunt</span> <span class='ocrx_word' id='word_1_6' title='bbox 1244 314 1284 352; x_wconf 88' lang='lat' dir='ltr'>et</span> <span class='ocrx_word' id='word_1_7' title='bbox 1317 310 1370 352; x_wconf 88' lang='lat' dir='ltr'>ad</span> <span class='ocrx_word' id='word_1_8' title='bbox 1407 308 1591 366; x_wconf 79' lang='lat' dir='ltr'><strong>priorem</strong></span> <span class='ocrx_word' id='word_1_9' title='bbox 1626 309 1848 354; x_wconf 87' lang='lat' dir='ltr'>levitatem</span> <span class='ocrx_word' id='word_1_10' title='bbox 1879 314 1919 353; x_wconf 87' lang='lat' dir='ltr'>et</span> 
     </span>
     <span class='ocr_line' id='line_1_3' title="bbox 236 384 1232 433; baseline -0.001 -6"><span class='ocrx_word' id='word_1_11' title='bbox 236 385 438 428; x_wconf 84' lang='lat' dir='ltr'>inertiam</span> <span class='ocrx_word' id='word_1_12' title='bbox 472 385 740 433; x_wconf 84' lang='lat' dir='ltr'>relabuntur,</span> <span class='ocrx_word' id='word_1_13' title='bbox 774 384 827 427; x_wconf 83' lang='lat' dir='ltr'>cf.</span> <span class='ocrx_word' id='word_1_14' title='bbox 862 384 1045 428; x_wconf 83' lang='lat' dir='ltr'>Theaet.</span> <span class='ocrx_word' id='word_1_15' title='bbox 1087 386 1165 427; x_wconf 83' lang='lat'>150</span> <span class='ocrx_word' id='word_1_16' title='bbox 1184 384 1232 426; x_wconf 87' lang='lat' dir='ltr'>E.</span> 
     </span>
    </p>

    <p class='ocr_par' dir='ltr' id='par_1_3' title="bbox 238 461 1923 894">
     <span class='ocr_line' id='line_1_4' title="bbox 296 461 1919 517; baseline 0.001 -14"><span class='ocrx_word' id='word_1_17' title='bbox 296 462 426 503; x_wconf 77' lang='lat' dir='ltr'>Haec</span> <span class='ocrx_word' id='word_1_18' title='bbox 458 462 622 503; x_wconf 65' lang='lat' dir='ltr'>onmia</span> <span class='ocrx_word' id='word_1_19' title='bbox 655 461 849 503; x_wconf 73' lang='lat' dir='ltr'>breviter</span> <span class='ocrx_word' id='word_1_20' title='bbox 881 461 1228 514; x_wconf 76' lang='lat' dir='ltr'>comprehendit</span> <span class='ocrx_word' id='word_1_21' title='bbox 1258 462 1385 504; x_wconf 77' lang='lat' dir='ltr'>locus</span> <span class='ocrx_word' id='word_1_22' title='bbox 1421 463 1475 504; x_wconf 73' lang='lat' dir='ltr'>in</span> <span class='ocrx_word' id='word_1_23' title='bbox 1509 461 1688 516; x_wconf 67' lang='lat' dir='ltr'>Theagye</span> <span class='ocrx_word' id='word_1_24' title='bbox 1719 463 1919 517; x_wconf 65' lang='lat' dir='ltr'>dialogo,</span> 
     </span>
     <span class='ocr_line' id='line_1_5' title="bbox 238 535 1921 592; baseline 0.001 -15"><span class='ocrx_word' id='word_1_25' title='bbox 238 551 366 591; x_wconf 82' lang='lat' dir='ltr'>quem</span> <span class='ocrx_word' id='word_1_26' title='bbox 416 541 553 578; x_wconf 87' lang='lat' dir='ltr'>totum</span> <span class='ocrx_word' id='word_1_27' title='bbox 604 535 672 577; x_wconf 86' lang='lat' dir='ltr'>liic</span> <span class='ocrx_word' id='word_1_28' title='bbox 718 535 963 578; x_wconf 76' lang='lat' dir='ltr'>describere</span> <span class='ocrx_word' id='word_1_29' title='bbox 1012 550 1097 578; x_wconf 92' lang='lat' dir='ltr'>non</span> <span class='ocrx_word' id='word_1_30' title='bbox 1145 536 1290 592; x_wconf 88' lang='lat' dir='ltr'>pudet.</span> <span class='ocrx_word' id='word_1_31' title='bbox 1345 535 1475 578; x_wconf 90' lang='lat' dir='ltr'>Hunc</span> <span class='ocrx_word' id='word_1_32' title='bbox 1521 536 1637 579; x_wconf 89' lang='lat' dir='ltr'>enim</span> <span class='ocrx_word' id='word_1_33' title='bbox 1685 536 1921 592; x_wconf 76' lang='lat' dir='ltr'>dialogum,</span> 
     </span>
     <span class='ocr_line' id='line_1_6' title="bbox 241 610 1922 668; baseline 0.001 -15"><span class='ocrx_word' id='word_1_34' title='bbox 241 611 369 666; x_wconf 81' lang='lat' dir='ltr'>vulgo</span> <span class='ocrx_word' id='word_1_35' title='bbox 407 610 675 653; x_wconf 78' lang='lat' dir='ltr'>subditivum</span> <span class='ocrx_word' id='word_1_36' title='bbox 705 611 917 659; x_wconf 83' lang='lat' dir='ltr'>habitum,</span> <span class='ocrx_word' id='word_1_37' title='bbox 951 610 1187 653; x_wconf 83' lang='lat' dir='ltr'>identidem</span> <span class='ocrx_word' id='word_1_38' title='bbox 1223 626 1250 654; x_wconf 92' lang='lat' dir='ltr'>a</span> <span class='ocrx_word' id='word_1_39' title='bbox 1281 626 1349 653; x_wconf 93' lang='lat' dir='ltr'>me</span> <span class='ocrx_word' id='word_1_40' title='bbox 1379 611 1549 654; x_wconf 88' lang='lat' dir='ltr'>laudari</span> <span class='ocrx_word' id='word_1_41' title='bbox 1583 626 1635 654; x_wconf 92' lang='lat' dir='ltr'>ne</span> <span class='ocrx_word' id='word_1_42' title='bbox 1667 611 1766 668; x_wconf 77' lang='lat' dir='ltr'>quis</span> <span class='ocrx_word' id='word_1_43' title='bbox 1799 612 1922 655; x_wconf 89' lang='lat' dir='ltr'>mire-</span> 
     </span>
     <span class='ocr_line' id='line_1_7' title="bbox 239 680 1922 743; baseline 0.001 -14"><span class='ocrx_word' id='word_1_44' title='bbox 239 687 373 733; x_wconf 64' lang='grc'><strong>11111).</strong></span> <span class='ocrx_word' id='word_1_45' title='bbox 416 683 619 729; x_wconf 84' lang='lat' dir='ltr'>Libenter</span> <span class='ocrx_word' id='word_1_46' title='bbox 660 702 736 742; x_wconf 88' lang='lat' dir='ltr'>pro</span> <span class='ocrx_word' id='word_1_47' title='bbox 770 702 867 729; x_wconf 76' lang='lat' dir='ltr'>mea</span> <span class='ocrx_word' id='word_1_48' title='bbox 906 686 1017 728; x_wconf 90' lang='lat' dir='ltr'>virili</span> <span class='ocrx_word' id='word_1_49' title='bbox 1050 686 1350 730; x_wconf 79' lang='lat' dir='ltr'>demonstrare</span> <span class='ocrx_word' id='word_1_50' title='bbox 1381 687 1573 730; x_wconf 82' lang='lat' dir='ltr'>conabor</span> <span class='ocrx_word' id='word_1_51' title='bbox 1599 687 1686 738; x_wconf 23' lang='lat' dir='ltr'>&#39;hac</span> <span class='ocrx_word' id='word_1_52' title='bbox 1718 680 1768 730; x_wconf 83' lang='lat' dir='ltr'>ex</span> <span class='ocrx_word' id='word_1_53' title='bbox 1801 692 1922 743; x_wconf 84' lang='lat' dir='ltr'>parte</span> 
     </span>
     <span class='ocr_line' id='line_1_8' title="bbox 238 761 1923 818; baseline 0.001 -14"><span class='ocrx_word' id='word_1_54' title='bbox 238 762 365 805; x_wconf 78' lang='lat' dir='ltr'>falsis</span> <span class='ocrx_word' id='word_1_55' title='bbox 398 762 654 805; x_wconf 73' lang='lat' dir='ltr'>criminibus</span> <span class='ocrx_word' id='word_1_56' title='bbox 689 761 803 804; x_wconf 81' lang='lat' dir='ltr'>viros</span> <span class='ocrx_word' id='word_1_57' title='bbox 827 762 978 805; x_wconf 81' lang='lat' dir='ltr'>doctos</span> <span class='ocrx_word' id='word_1_58' title='bbox 1011 761 1129 804; x_wconf 85' lang='lat' dir='ltr'>hunc</span> <span class='ocrx_word' id='word_1_59' title='bbox 1156 762 1367 809; x_wconf 89' lang='lat' dir='ltr'>libellum,</span> <span class='ocrx_word' id='word_1_60' title='bbox 1399 778 1497 805; x_wconf 86' lang='lat' dir='ltr'>mea</span> <span class='ocrx_word' id='word_1_61' title='bbox 1513 762 1685 818; x_wconf 82' lang='lat' dir='ltr'>quidem</span> <span class='ocrx_word' id='word_1_62' title='bbox 1705 764 1923 807; x_wconf 80' lang='lat' dir='ltr'>sententia</span> 
     </span>
     <span class='ocr_line' id='line_1_9' title="bbox 240 837 1555 894; baseline 0 -14"><span class='ocrx_word' id='word_1_63' title='bbox 240 853 339 881; x_wconf 91' lang='lat' dir='ltr'>vere</span> <span class='ocrx_word' id='word_1_64' title='bbox 372 838 662 885; x_wconf 84' lang='lat' dir='ltr'>Platonicum,</span> <span class='ocrx_word' id='word_1_65' title='bbox 696 853 903 881; x_wconf 75' lang='lat' dir='ltr'>accusare</span> <span class='ocrx_word' id='word_1_66' title='bbox 936 844 973 881; x_wconf 85' lang='lat' dir='ltr'>et</span> <span class='ocrx_word' id='word_1_67' title='bbox 1009 837 1159 894; x_wconf 84' lang='lat' dir='ltr'>iniquo</span> <span class='ocrx_word' id='word_1_68' title='bbox 1194 838 1306 880; x_wconf 87' lang='lat' dir='ltr'>bello</span> <span class='ocrx_word' id='word_1_69' title='bbox 1340 837 1555 894; x_wconf 83' lang='lat' dir='ltr'>persequi.</span> 
     </span>
    </p>

    <p class='ocr_par' dir='ltr' id='par_1_4' title="bbox 237 913 1926 1271">
     <span class='ocr_line' id='line_1_10' title="bbox 300 913 1918 967; baseline 0.001 -14"><span class='ocrx_word' id='word_1_70' title='bbox 300 919 469 961; x_wconf 79' lang='grc' dir='ltr'><em>Πολλοῖς</em></span> <span class='ocrx_word' id='word_1_71' title='bbox 497 914 582 964; x_wconf 51' lang='grc' dir='ltr'>Αμὲν</span> <span class='ocrx_word' id='word_1_72' title='bbox 624 914 696 967; x_wconf 76' lang='grc' dir='ltr'>γὰρ</span> <span class='ocrx_word' id='word_1_73' title='bbox 739 915 1002 963; x_wconf 76' lang='grc' dir='ltr'><em>ἐναντιοῦται,</em></span> <span class='ocrx_word' id='word_1_74' title='bbox 1053 915 1117 953; x_wconf 77' lang='grc' dir='ltr'><em>καὶ</em></span> <span class='ocrx_word' id='word_1_75' title='bbox 1151 915 1224 953; x_wconf 84' lang='grc' dir='ltr'><em>οὐκ</em></span> <span class='ocrx_word' id='word_1_76' title='bbox 1256 915 1334 952; x_wconf 80' lang='grc' dir='ltr'><em>ἐστι</em></span> <span class='ocrx_word' id='word_1_77' title='bbox 1367 917 1519 961; x_wconf 75' lang='grc' dir='ltr'><strong><em>τούτοις</em></strong></span> <span class='ocrx_word' id='word_1_78' title='bbox 1551 913 1814 967; x_wconf 70' lang='grc' dir='ltr'><em>ὠφεληθῆναι</em></span> <span class='ocrx_word' id='word_1_79' title='bbox 1845 913 1918 965; x_wconf 82' lang='grc' dir='ltr'><em>μετ’</em></span> 
     </span>
     <span class='ocr_line' id='line_1_11' title="bbox 238 986 1924 1042; baseline -0.001 -13"><span class='ocrx_word' id='word_1_80' title='bbox 238 990 333 1037; x_wconf 75' lang='grc' dir='ltr'><em>ἐμοῦ</em></span> <span class='ocrx_word' id='word_1_81' title='bbox 377 992 663 1042; x_wconf 76' lang='grc' dir='ltr'><em>διατρίβουσιν,</em></span> <span class='ocrx_word' id='word_1_82' title='bbox 706 991 800 1029; x_wconf 84' lang='grc' dir='ltr'><em>ὥστε</em></span> <span class='ocrx_word' id='word_1_83' title='bbox 843 990 915 1041; x_wconf 80' lang='grc' dir='ltr'><em>οὐχ</em></span> <span class='ocrx_word' id='word_1_84' title='bbox 958 986 1043 1028; x_wconf 83' lang='grc' dir='ltr'><em>οἷόν</em></span> <span class='ocrx_word' id='word_1_85' title='bbox 1076 989 1112 1028; x_wconf 84' lang='grc' dir='ltr'>τέ</span> <span class='ocrx_word' id='word_1_86' title='bbox 1144 1006 1210 1040; x_wconf 85' lang='grc' dir='ltr'>μοι</span> <span class='ocrx_word' id='word_1_87' title='bbox 1242 991 1395 1036; x_wconf 82' lang='grc' dir='ltr'><strong><em>τούτοις</em></strong></span> <span class='ocrx_word' id='word_1_88' title='bbox 1429 991 1734 1041; x_wconf 65' lang='grc' dir='ltr'><em>συνδιατρίβειν</em></span> <span class='ocrx_word' id='word_1_89' title='bbox 1765 994 1924 1037; x_wconf 78' lang='grc' dir='ltr'><em>πολλοῖς</em></span> 
     </span>
     <span class='ocr_line' id='line_1_12' title="bbox 240 1062 1925 1116; baseline -0.001 -11"><span class='ocrx_word' id='word_1_90' title='bbox 240 1065 281 1105; x_wconf 81' lang='grc' dir='ltr'>δὲ</span> <span class='ocrx_word' id='word_1_91' title='bbox 319 1070 498 1104; x_wconf 85' lang='grc' dir='ltr'><em>συνεῖναι</em></span> <span class='ocrx_word' id='word_1_92' title='bbox 529 1064 599 1116; x_wconf 84' lang='grc' dir='ltr'><em>μὲν</em></span> <span class='ocrx_word' id='word_1_93' title='bbox 632 1066 679 1105; x_wconf 87' lang='grc' dir='ltr'><em>οὐ</em></span> <span class='ocrx_word' id='word_1_94' title='bbox 713 1066 937 1113; x_wconf 74' lang='grc' dir='ltr'><em>διακωλύει,</em></span> <span class='ocrx_word' id='word_1_95' title='bbox 970 1063 1216 1114; x_wconf 77' lang='grc' dir='ltr'><em>ὠφελοῦνται</em></span> <span class='ocrx_word' id='word_1_96' title='bbox 1251 1063 1292 1104; x_wconf 80' lang='grc' dir='ltr'>δὲ</span> <span class='ocrx_word' id='word_1_97' title='bbox 1325 1063 1444 1104; x_wconf 81' lang='grc' dir='ltr'><em>οὐδὲν</em></span> <span class='ocrx_word' id='word_1_98' title='bbox 1476 1067 1677 1112; x_wconf 80' lang='grc' dir='ltr'><strong><em>συνόντες.</em></strong></span> <span class='ocrx_word' id='word_1_99' title='bbox 1710 1062 1768 1113; x_wconf 80' lang='grc' dir='ltr'><em>οἷς</em></span> <span class='ocrx_word' id='word_1_100' title='bbox 1800 1064 1838 1105; x_wconf 84' lang='grc' dir='ltr'>δ’</span> <span class='ocrx_word' id='word_1_101' title='bbox 1875 1065 1925 1104; x_wconf 75' lang='grc' dir='ltr'><em>ἂν</em></span> 
     </span>
     <span class='ocr_line' id='line_1_13' title="bbox 237 1137 1925 1193; baseline 0.001 -14"><span class='ocrx_word' id='word_1_102' title='bbox 237 1142 479 1193; x_wconf 79' lang='grc' dir='ltr'><em>συλλάβηται</em></span> <span class='ocrx_word' id='word_1_103' title='bbox 519 1148 584 1192; x_wconf 78' lang='grc' dir='ltr'>τῆς</span> <span class='ocrx_word' id='word_1_104' title='bbox 627 1142 844 1187; x_wconf 80' lang='grc' dir='ltr'><em>συνουσίας</em></span> <span class='ocrx_word' id='word_1_105' title='bbox 882 1139 905 1190; x_wconf 82' lang='grc' dir='ltr'>ἡ</span> <span class='ocrx_word' id='word_1_106' title='bbox 939 1148 1009 1179; x_wconf 84' lang='grc' dir='ltr'><em>τοῦ</em></span> <span class='ocrx_word' id='word_1_107' title='bbox 1043 1142 1254 1191; x_wconf 83' lang='grc' dir='ltr'><em>δαιμονίου</em></span> <span class='ocrx_word' id='word_1_108' title='bbox 1287 1142 1471 1191; x_wconf 77' lang='grc' dir='ltr'><em>δύναμις,</em></span> <span class='ocrx_word' id='word_1_109' title='bbox 1502 1137 1614 1179; x_wconf 81' lang='grc' dir='ltr'><em>οὗτοί</em></span> <span class='ocrx_word' id='word_1_110' title='bbox 1642 1142 1740 1180; x_wconf 80' lang='grc' dir='ltr'><em>εἰσιν</em></span> <span class='ocrx_word' id='word_1_111' title='bbox 1773 1137 1828 1181; x_wconf 82' lang='grc' dir='ltr'><em>ὧν</em></span> <span class='ocrx_word' id='word_1_112' title='bbox 1859 1141 1925 1180; x_wconf 82' lang='grc' dir='ltr'><em>καὶ</em></span> 
     </span>
     <span class='ocr_line' id='line_1_14' title="bbox 240 1211 1926 1271; baseline 0.001 -17"><span class='ocrx_word' id='word_1_113' title='bbox 240 1217 288 1256; x_wconf 81' lang='grc' dir='ltr'><em>σὺ</em></span> <span class='ocrx_word' id='word_1_114' title='bbox 330 1216 519 1271; x_wconf 57' lang='grc' dir='ltr'><em>’ᾔσθησαν</em></span> <span class='ocrx_word' id='word_1_115' title='bbox 557 1217 652 1267; x_wconf 83' lang='grc' dir='ltr'><em>ταχὺ</em></span> <span class='ocrx_word' id='word_1_116' title='bbox 684 1217 756 1268; x_wconf 77' lang='grc' dir='ltr'>γὰρ</span> <span class='ocrx_word' id='word_1_117' title='bbox 790 1224 1028 1267; x_wconf 78' lang='grc' dir='ltr'><em>παραχρῆμα</em></span> <span class='ocrx_word' id='word_1_118' title='bbox 1061 1216 1297 1256; x_wconf 77' lang='grc' dir='ltr'><em>ἐπιδιδόασι.</em></span> <span class='ocrx_word' id='word_1_119' title='bbox 1330 1215 1394 1254; x_wconf 77' lang='grc' dir='ltr'><em>καὶ</em></span> <span class='ocrx_word' id='word_1_120' title='bbox 1426 1217 1577 1255; x_wconf 84' lang='grc' dir='ltr'><em>τούτων</em></span> <span class='ocrx_word' id='word_1_121' title='bbox 1609 1211 1660 1256; x_wconf 79' lang='grc' dir='ltr'><em>αὖ</em></span> <span class='ocrx_word' id='word_1_122' title='bbox 1693 1224 1770 1256; x_wconf 86' lang='grc' dir='ltr'><em>τῶν</em></span> <span class='ocrx_word' id='word_1_123' title='bbox 1801 1216 1926 1256; x_wconf 77' lang='grc' dir='ltr'><em>ἐπιδι-</em></span> 
     </span>
    </p>
   </div>
   <div class='ocr_carea' id='block_1_3' title="bbox 240 1292 1926 1346">
    <p class='ocr_par' dir='ltr' id='par_1_5' title="bbox 240 1292 1926 1346">
     <span class='ocr_line' id='line_1_15' title="bbox 240 1292 1926 1346; baseline -0.001 -14"><span class='ocrx_word' id='word_1_124' title='bbox 240 1295 390 1333; x_wconf 83' lang='grc' dir='ltr'><em>δόντων</em></span> <span class='ocrx_word' id='word_1_125' title='bbox 423 1295 460 1332; x_wconf 79' lang='grc' dir='ltr'><em>οῖ</em></span> <span class='ocrx_word' id='word_1_126' title='bbox 491 1293 562 1345; x_wconf 81' lang='grc' dir='ltr'><em>μὲν</em></span> <span class='ocrx_word' id='word_1_127' title='bbox 594 1294 657 1333; x_wconf 78' lang='grc' dir='ltr'><em>καὶ</em></span> <span class='ocrx_word' id='word_1_128' title='bbox 690 1294 857 1346; x_wconf 84' lang='grc' dir='ltr'><em>βέβαιον</em></span> <span class='ocrx_word' id='word_1_129' title='bbox 890 1295 1021 1345; x_wconf 73' lang='grc' dir='ltr'><em>ἔχουσι</em></span> <span class='ocrx_word' id='word_1_130' title='bbox 1052 1293 1117 1332; x_wconf 81' lang='grc' dir='ltr'><em>καὶ</em></span> <span class='ocrx_word' id='word_1_131' title='bbox 1150 1294 1429 1344; x_wconf 80' lang='grc' dir='ltr'><em>παραμόνιμον</em></span> <span class='ocrx_word' id='word_1_132' title='bbox 1461 1293 1531 1343; x_wconf 76' lang='grc' dir='ltr'><em>τὴν</em></span> <span class='ocrx_word' id='word_1_133' title='bbox 1560 1292 1767 1342; x_wconf 77' lang='grc' dir='ltr'><em>ὠφέλειαν·</em></span> <span class='ocrx_word' id='word_1_134' title='bbox 1791 1293 1926 1332; x_wconf 83' lang='grc' dir='ltr'><em>πολλοὶ</em></span> 
     </span>
    </p>
   </div>
   <div class='ocr_carea' id='block_1_4' title="bbox 241 1365 1936 1421">
    <p class='ocr_par' dir='ltr' id='par_1_6' title="bbox 241 1365 1936 1421">
     <span class='ocr_line' id='line_1_16' title="bbox 241 1365 1936 1421; baseline -0.001 -12"><span class='ocrx_word' id='word_1_135' title='bbox 241 1370 296 1418; x_wconf 77' lang='grc' dir='ltr'>δέ,</span> <span class='ocrx_word' id='word_1_136' title='bbox 337 1371 431 1409; x_wconf 81' lang='grc' dir='ltr'><em>ὅσον</em></span> <span class='ocrx_word' id='word_1_137' title='bbox 474 1369 522 1407; x_wconf 67' lang='grc' dir='ltr'><em>ἂν</em></span> <span class='ocrx_word' id='word_1_138' title='bbox 564 1368 636 1418; x_wconf 75' lang='grc' dir='ltr'><em>μετ’</em></span> <span class='ocrx_word' id='word_1_139' title='bbox 686 1370 781 1420; x_wconf 73' lang='grc' dir='ltr'><em>ἐμοῦ</em></span> <span class='ocrx_word' id='word_1_140' title='bbox 823 1370 968 1421; x_wconf 79' lang='grc' dir='ltr'><em>χρόνον</em></span> <span class='ocrx_word' id='word_1_141' title='bbox 1010 1365 1095 1418; x_wconf 74' lang='grc' dir='ltr'><em>ὦσι,</em></span> <span class='ocrx_word' id='word_1_142' title='bbox 1132 1371 1367 1417; x_wconf 79' lang='grc' dir='ltr'><em>θαυμάσιον</em></span> <span class='ocrx_word' id='word_1_143' title='bbox 1398 1368 1661 1418; x_wconf 75' lang='grc' dir='ltr'><em>ἐπιδιδόασιν,</em></span> <span class='ocrx_word' id='word_1_144' title='bbox 1691 1367 1852 1407; x_wconf 78' lang='grc' dir='ltr'><em>ἐπειδὰν</em></span> <span class='ocrx_word' id='word_1_145' title='bbox 1885 1368 1936 1411; x_wconf 82' lang='grc' dir='ltr'>δέ,</span> 
     </span>
    </p>
   </div>
   <div class='ocr_carea' id='block_1_5' title="bbox 240 1442 1487 1497">
    <p class='ocr_par' dir='ltr' id='par_1_7' title="bbox 240 1442 1487 1497">
     <span class='ocr_line' id='line_1_17' title="bbox 240 1442 1487 1497; baseline -0.001 -12"><span class='ocrx_word' id='word_1_146' title='bbox 240 1463 318 1497; x_wconf 80' lang='grc' dir='ltr'>μου</span> <span class='ocrx_word' id='word_1_147' title='bbox 350 1446 615 1496; x_wconf 74' lang='grc' dir='ltr'><em>ἀπόσχωνται,</em></span> <span class='ocrx_word' id='word_1_148' title='bbox 646 1447 765 1484; x_wconf 84' lang='grc' dir='ltr'><em>πάλιν</em></span> <span class='ocrx_word' id='word_1_149' title='bbox 797 1444 917 1484; x_wconf 76' lang='grc' dir='ltr'><em>οὐδὲν</em></span> <span class='ocrx_word' id='word_1_150' title='bbox 950 1445 1214 1494; x_wconf 78' lang='grc' dir='ltr'><em>διαφέρουσιν</em></span> <span class='ocrx_word' id='word_1_151' title='bbox 1247 1443 1420 1483; x_wconf 81' lang='grc' dir='ltr'><em>ὁτουοῦν</em></span> <span class='ocrx_word' id='word_1_152' title='bbox 1442 1442 1487 1496; x_wconf 69' lang='lat'>²).</span> 
     </span>
    </p>
   </div>
   <div class='ocr_carea' id='block_1_6' title="bbox 300 1517 1826 1576">
    <p class='ocr_par' dir='ltr' id='par_1_8' title="bbox 300 1517 1826 1576">
     <span class='ocr_line' id='line_1_18' title="bbox 300 1517 1826 1576; baseline -0.001 -14"><span class='ocrx_word' id='word_1_153' title='bbox 300 1520 436 1576; x_wconf 81' lang='lat' dir='ltr'>Igitur</span> <span class='ocrx_word' id='word_1_154' title='bbox 469 1518 575 1561; x_wconf 91' lang='grc'><strong>1111111</strong></span> <span class='ocrx_word' id='word_1_155' title='bbox 611 1534 773 1562; x_wconf 90' lang='lat' dir='ltr'>novum</span> <span class='ocrx_word' id='word_1_156' title='bbox 808 1523 850 1562; x_wconf 89' lang='lat' dir='ltr'>et</span> <span class='ocrx_word' id='word_1_157' title='bbox 880 1518 1127 1562; x_wconf 87' lang='lat' dir='ltr'>inauditum</span> <span class='ocrx_word' id='word_1_158' title='bbox 1161 1518 1242 1561; x_wconf 88' lang='lat' dir='ltr'>hoc</span> <span class='ocrx_word' id='word_1_159' title='bbox 1273 1518 1368 1561; x_wconf 94' lang='lat' dir='ltr'>loco</span> <span class='ocrx_word' id='word_1_160' title='bbox 1401 1517 1605 1574; x_wconf 82' lang='lat' dir='ltr'>Theages</span> <span class='ocrx_word' id='word_1_161' title='bbox 1638 1517 1826 1561; x_wconf 83' lang='lat' dir='ltr'>exhibet.</span> 
     </span>
    </p>
   </div>
   <div class='ocr_carea' id='block_1_7' title="bbox 239 1667 1931 2635">
    <p class='ocr_par' dir='ltr' id='par_1_9' title="bbox 239 1667 1931 2182">
     <span class='ocr_line' id='line_1_19' title="bbox 300 1667 1929 1726; baseline -0.002 -13"><span class='ocrx_word' id='word_1_162' title='bbox 300 1671 428 1714; x_wconf 93' lang='lat' dir='ltr'>Nunc</span> <span class='ocrx_word' id='word_1_163' title='bbox 461 1675 605 1714; x_wconf 83' lang='lat' dir='ltr'>autem</span> <span class='ocrx_word' id='word_1_164' title='bbox 640 1669 865 1726; x_wconf 81' lang='lat' dir='ltr'>quaeritur</span> <span class='ocrx_word' id='word_1_165' title='bbox 901 1669 1121 1726; x_wconf 74' lang='lat' dir='ltr'>quomodo</span> <span class='ocrx_word' id='word_1_166' title='bbox 1155 1673 1195 1712; x_wconf 92' lang='lat' dir='ltr'>et</span> <span class='ocrx_word' id='word_1_167' title='bbox 1228 1674 1447 1726; x_wconf 72' lang='lat' dir='ltr'>quatenus</span> <span class='ocrx_word' id='word_1_168' title='bbox 1480 1668 1648 1719; x_wconf 82' lang='lat' dir='ltr'>amicis,</span> <span class='ocrx_word' id='word_1_169' title='bbox 1681 1668 1755 1725; x_wconf 83' lang='lat' dir='ltr'>qui</span> <span class='ocrx_word' id='word_1_170' title='bbox 1793 1667 1929 1712; x_wconf 82' lang='lat' dir='ltr'>semel</span> 
     </span>
     <span class='ocr_line' id='line_1_20' title="bbox 241 1744 1926 1801; baseline -0.001 -12"><span class='ocrx_word' id='word_1_171' title='bbox 241 1747 282 1789; x_wconf 92' lang='lat' dir='ltr'>in</span> <span class='ocrx_word' id='word_1_172' title='bbox 316 1746 660 1790; x_wconf 73' lang='lat' dir='ltr'>familiaritatem</span> <span class='ocrx_word' id='word_1_173' title='bbox 695 1744 860 1801; x_wconf 84' lang='lat' dir='ltr'>accepti</span> <span class='ocrx_word' id='word_1_174' title='bbox 889 1745 990 1795; x_wconf 75' lang='lat' dir='ltr'>sint,</span> <span class='ocrx_word' id='word_1_175' title='bbox 1019 1745 1301 1788; x_wconf 91' lang='lat' dir='ltr'>daemonium</span> <span class='ocrx_word' id='word_1_176' title='bbox 1331 1744 1561 1801; x_wconf 80' lang='lat' dir='ltr'>profuerit3</span> <span class='ocrx_word' id='word_1_177' title='bbox 1591 1749 1632 1787; x_wconf 91' lang='lat' dir='ltr'>et</span> <span class='ocrx_word' id='word_1_178' title='bbox 1657 1759 1926 1801; x_wconf 87' lang='lat' dir='ltr'>quamquam</span> 
     </span>
     <span class='ocr_line' id='line_1_21' title="bbox 241 1819 1928 1877; baseline -0.002 -11"><span class='ocrx_word' id='word_1_179' title='bbox 241 1823 475 1866; x_wconf 75' lang='lat' dir='ltr'>admodum</span> <span class='ocrx_word' id='word_1_180' title='bbox 519 1822 733 1864; x_wconf 77' lang='lat' dir='ltr'>lubricum</span> <span class='ocrx_word' id='word_1_181' title='bbox 783 1826 849 1865; x_wconf 83' lang='lat' dir='ltr'>est</span> <span class='ocrx_word' id='word_1_182' title='bbox 890 1826 930 1864; x_wconf 90' lang='lat' dir='ltr'>et</span> <span class='ocrx_word' id='word_1_183' title='bbox 963 1820 1133 1864; x_wconf 87' lang='lat' dir='ltr'>difficile</span> <span class='ocrx_word' id='word_1_184' title='bbox 1168 1821 1275 1863; x_wconf 82' lang='lat' dir='ltr'>haec.</span> <span class='ocrx_word' id='word_1_185' title='bbox 1303 1820 1363 1863; x_wconf 91' lang='lat' dir='ltr'>ita</span> <span class='ocrx_word' id='word_1_186' title='bbox 1396 1835 1612 1877; x_wconf 84' lang='lat' dir='ltr'>exponere</span> <span class='ocrx_word' id='word_1_187' title='bbox 1643 1826 1688 1863; x_wconf 89' lang='lat' dir='ltr'>ut</span> <span class='ocrx_word' id='word_1_188' title='bbox 1720 1819 1828 1863; x_wconf 91' lang='lat' dir='ltr'>nulli</span> <span class='ocrx_word' id='word_1_189' title='bbox 1860 1835 1928 1863; x_wconf 89' lang='lat' dir='ltr'>ex-</span> 
     </span>
     <span class='ocr_line' id='line_1_22' title="bbox 241 1894 1926 1955; baseline -0.002 -14"><span class='ocrx_word' id='word_1_190' title='bbox 241 1898 417 1955; x_wconf 74' lang='lat' dir='ltr'>plicatio</span> <span class='ocrx_word' id='word_1_191' title='bbox 450 1897 683 1940; x_wconf 73' lang='lat' dir='ltr'>offensioni</span> <span class='ocrx_word' id='word_1_192' title='bbox 717 1897 786 1945; x_wconf 77' lang='lat' dir='ltr'>sit,</span> <span class='ocrx_word' id='word_1_193' title='bbox 815 1896 975 1953; x_wconf 80' lang='lat' dir='ltr'>quippe</span> <span class='ocrx_word' id='word_1_194' title='bbox 1004 1912 1117 1953; x_wconf 77' lang='lat' dir='ltr'>quae</span> <span class='ocrx_word' id='word_1_195' title='bbox 1147 1896 1414 1939; x_wconf 74' lang='lat' dir='ltr'>obscuritate</span> <span class='ocrx_word' id='word_1_196' title='bbox 1443 1895 1655 1939; x_wconf 88' lang='lat' dir='ltr'>obvoluta</span> <span class='ocrx_word' id='word_1_197' title='bbox 1681 1895 1782 1944; x_wconf 85' lang='lat' dir='ltr'>sint,</span> <span class='ocrx_word' id='word_1_198' title='bbox 1811 1900 1856 1938; x_wconf 91' lang='lat' dir='ltr'>ut</span> <span class='ocrx_word' id='word_1_199' title='bbox 1884 1894 1926 1938; x_wconf 92' lang='lat' dir='ltr'>in</span> 
     </span>
     <span class='ocr_line' id='line_1_23' title="bbox 239 1971 1931 2028; baseline -0.002 -11"><span class='ocrx_word' id='word_1_200' title='bbox 239 1974 369 2017; x_wconf 80' lang='lat' dir='ltr'>rebus</span> <span class='ocrx_word' id='word_1_201' title='bbox 402 1974 455 2016; x_wconf 90' lang='lat' dir='ltr'>ad</span> <span class='ocrx_word' id='word_1_202' title='bbox 490 1974 616 2016; x_wconf 88' lang='lat' dir='ltr'>deum</span> <span class='ocrx_word' id='word_1_203' title='bbox 651 1977 691 2015; x_wconf 87' lang='lat' dir='ltr'>et</span> <span class='ocrx_word' id='word_1_204' title='bbox 725 1988 793 2015; x_wconf 84' lang='lat' dir='ltr'>res</span> <span class='ocrx_word' id='word_1_205' title='bbox 821 1972 996 2016; x_wconf 82' lang='lat' dir='ltr'>divinas</span> <span class='ocrx_word' id='word_1_206' title='bbox 1028 1972 1348 2028; x_wconf 82' lang='lat' dir='ltr'>pertinentibus</span> <span class='ocrx_word' id='word_1_207' title='bbox 1377 1972 1469 2014; x_wconf 90' lang='lat' dir='ltr'>fieri</span> <span class='ocrx_word' id='word_1_208' title='bbox 1497 1972 1620 2021; x_wconf 83' lang='lat' dir='ltr'>solet,</span> <span class='ocrx_word' id='word_1_209' title='bbox 1649 1971 1931 2027; x_wconf 79' lang='lat' dir='ltr'>accingamur</span> 
     </span>
     <span class='ocr_line' id='line_1_24' title="bbox 243 2047 1930 2104; baseline -0.002 -11"><span class='ocrx_word' id='word_1_210' title='bbox 243 2055 281 2093; x_wconf 89' lang='lat' dir='ltr'>et</span> <span class='ocrx_word' id='word_1_211' title='bbox 313 2065 493 2093; x_wconf 87' lang='lat' dir='ltr'>arenam</span> <span class='ocrx_word' id='word_1_212' title='bbox 527 2049 837 2104; x_wconf 80' lang='lat' dir='ltr'>ingrediamur.</span> <span class='ocrx_word' id='word_1_213' title='bbox 870 2049 1113 2091; x_wconf 84' lang='lat' dir='ltr'>Antecedat</span> <span class='ocrx_word' id='word_1_214' title='bbox 1148 2052 1295 2091; x_wconf 89' lang='lat' dir='ltr'>autem</span> <span class='ocrx_word' id='word_1_215' title='bbox 1325 2047 1563 2104; x_wconf 76' lang='lat' dir='ltr'>disputatio</span> <span class='ocrx_word' id='word_1_216' title='bbox 1591 2047 1930 2103; x_wconf 83' lang='lat' dir='ltr'>etinvestigatio</span> 
     </span>
     <span class='ocr_line' id='line_1_25' title="bbox 242 2123 1724 2182; baseline -0.002 -13"><span class='ocrx_word' id='word_1_217' title='bbox 242 2130 461 2182; x_wconf 86' lang='lat' dir='ltr'>quatenus</span> <span class='ocrx_word' id='word_1_218' title='bbox 495 2125 638 2181; x_wconf 70' lang='lat' dir='ltr'>ipsum</span> <span class='ocrx_word' id='word_1_219' title='bbox 672 2124 899 2168; x_wconf 85' lang='lat' dir='ltr'>Socratem</span> <span class='ocrx_word' id='word_1_220' title='bbox 935 2123 1215 2167; x_wconf 85' lang='lat' dir='ltr'>daemonium</span> <span class='ocrx_word' id='word_1_221' title='bbox 1250 2128 1426 2167; x_wconf 85' lang='lat' dir='ltr'>tueatur</span> <span class='ocrx_word' id='word_1_222' title='bbox 1459 2128 1499 2166; x_wconf 89' lang='lat' dir='ltr'>et</span> <span class='ocrx_word' id='word_1_223' title='bbox 1532 2123 1724 2167; x_wconf 86' lang='lat' dir='ltr'>adiuvet.</span> 
     </span>
    </p>

    <p class='ocr_par' dir='ltr' id='par_1_10' title="bbox 242 2197 1931 2553">
     <span class='ocr_line' id='line_1_26' title="bbox 303 2197 1929 2255; baseline -0.003 -11"><span class='ocrx_word' id='word_1_224' title='bbox 303 2200 556 2244; x_wconf 84' lang='lat' dir='ltr'>Amicorum</span> <span class='ocrx_word' id='word_1_225' title='bbox 598 2199 731 2255; x_wconf 84' lang='lat' dir='ltr'>igitur</span> <span class='ocrx_word' id='word_1_226' title='bbox 772 2199 1141 2242; x_wconf 83' lang='lat' dir='ltr'>admittendorum</span> <span class='ocrx_word' id='word_1_227' title='bbox 1183 2198 1462 2242; x_wconf 86' lang='lat' dir='ltr'>daemonium</span> <span class='ocrx_word' id='word_1_228' title='bbox 1493 2214 1643 2242; x_wconf 85' lang='lat' dir='ltr'>curam</span> <span class='ocrx_word' id='word_1_229' title='bbox 1676 2202 1714 2241; x_wconf 87' lang='lat' dir='ltr'>et</span> <span class='ocrx_word' id='word_1_230' title='bbox 1748 2197 1929 2240; x_wconf 89' lang='lat' dir='ltr'>tutelam</span> 
     </span>
     <span class='ocr_line' id='line_1_27' title="bbox 243 2272 1930 2331; baseline -0.002 -12"><span class='ocrx_word' id='word_1_231' title='bbox 243 2277 390 2320; x_wconf 76' lang='lat' dir='ltr'>habet.</span> <span class='ocrx_word' id='word_1_232' title='bbox 428 2276 543 2319; x_wconf 87' lang='lat' dir='ltr'>Tota</span> <span class='ocrx_word' id='word_1_233' title='bbox 589 2275 703 2318; x_wconf 89' lang='lat' dir='ltr'>enim</span> <span class='ocrx_word' id='word_1_234' title='bbox 739 2275 829 2318; x_wconf 91' lang='lat' dir='ltr'>vita</span> <span class='ocrx_word' id='word_1_235' title='bbox 861 2274 1057 2317; x_wconf 83' lang='lat' dir='ltr'>Socratis</span> <span class='ocrx_word' id='word_1_236' title='bbox 1088 2275 1180 2331; x_wconf 88' lang='lat' dir='ltr'>(per</span> <span class='ocrx_word' id='word_1_237' title='bbox 1211 2274 1532 2328; x_wconf 82' lang='lat' dir='ltr'>daemoniuml)</span> <span class='ocrx_word' id='word_1_238' title='bbox 1566 2289 1592 2317; x_wconf 88' lang='lat' dir='ltr'>a</span> <span class='ocrx_word' id='word_1_239' title='bbox 1624 2273 1717 2316; x_wconf 83' lang='lat' dir='ltr'>deis</span> <span class='ocrx_word' id='word_1_240' title='bbox 1749 2272 1930 2316; x_wconf 86' lang='lat' dir='ltr'>admini-</span> 
     </span>
     <span class='ocr_line' id='line_1_28' title="bbox 242 2347 1930 2407; baseline -0.002 -12"><span class='ocrx_word' id='word_1_241' title='bbox 242 2357 419 2401; x_wconf 76' lang='lat' dir='ltr'>stratur,</span> <span class='ocrx_word' id='word_1_242' title='bbox 450 2352 734 2407; x_wconf 78' lang='lat' dir='ltr'>gubernatur,</span> <span class='ocrx_word' id='word_1_243' title='bbox 766 2350 943 2406; x_wconf 83' lang='lat' dir='ltr'>regitur.</span> <span class='ocrx_word' id='word_1_244' title='bbox 977 2350 1139 2393; x_wconf 83' lang='lat' dir='ltr'>Eorum</span> <span class='ocrx_word' id='word_1_245' title='bbox 1173 2350 1310 2393; x_wconf 89' lang='lat' dir='ltr'>tutela</span> <span class='ocrx_word' id='word_1_246' title='bbox 1341 2365 1514 2406; x_wconf 76' lang='lat' dir='ltr'>semper</span> <span class='ocrx_word' id='word_1_247' title='bbox 1545 2354 1665 2392; x_wconf 83' lang='lat' dir='ltr'>tutus</span> <span class='ocrx_word' id='word_1_248' title='bbox 1697 2353 1776 2392; x_wconf 84' lang='lat' dir='ltr'>est.</span> <span class='ocrx_word' id='word_1_249' title='bbox 1808 2347 1930 2398; x_wconf 87' lang='lat' dir='ltr'>Quae</span> 
     </span>
     <span class='ocr_line' id='line_1_29' title="bbox 245 2423 1931 2482; baseline -0.002 -12"><span class='ocrx_word' id='word_1_250' title='bbox 245 2428 377 2470; x_wconf 87' lang='lat' dir='ltr'>habet</span> <span class='ocrx_word' id='word_1_251' title='bbox 424 2442 451 2470; x_wconf 88' lang='lat' dir='ltr'>a</span> <span class='ocrx_word' id='word_1_252' title='bbox 496 2427 576 2469; x_wconf 89' lang='lat' dir='ltr'>deo</span> <span class='ocrx_word' id='word_1_253' title='bbox 625 2427 770 2470; x_wconf 86' lang='lat' dir='ltr'>habet.</span> <span class='ocrx_word' id='word_1_254' title='bbox 818 2425 1049 2469; x_wconf 78' lang='lat' dir='ltr'>Eiusmodi</span> <span class='ocrx_word' id='word_1_255' title='bbox 1093 2425 1195 2482; x_wconf 87' lang='lat' dir='ltr'>quid</span> <span class='ocrx_word' id='word_1_256' title='bbox 1230 2424 1502 2481; x_wconf 82' lang='lat' dir='ltr'>praeteriens</span> <span class='ocrx_word' id='word_1_257' title='bbox 1540 2424 1647 2467; x_wconf 87' lang='lat' dir='ltr'>dixit</span> <span class='ocrx_word' id='word_1_258' title='bbox 1685 2424 1796 2468; x_wconf 88' lang='lat' dir='ltr'>Plat.</span> <span class='ocrx_word' id='word_1_259' title='bbox 1830 2423 1931 2480; x_wconf 85' lang='lat' dir='ltr'><strong>Lys.</strong></span> 
     </span>
     <span class='ocr_line' id='line_1_30' title="bbox 245 2502 1241 2553; baseline -0.003 -10"><span class='ocrx_word' id='word_1_260' title='bbox 245 2503 332 2547; x_wconf 69' lang='lat'>204</span> <span class='ocrx_word' id='word_1_261' title='bbox 364 2502 396 2545; x_wconf 87' lang='lat' dir='ltr'>C</span> <span class='ocrx_word' id='word_1_262' title='bbox 429 2511 541 2542; x_wconf 83' lang='grc' dir='ltr'><em>τοῦτο</em></span> <span class='ocrx_word' id='word_1_263' title='bbox 575 2503 616 2542; x_wconf 86' lang='grc' dir='ltr'>δέ</span> <span class='ocrx_word' id='word_1_264' title='bbox 649 2505 718 2553; x_wconf 88' lang='grc' dir='ltr'><em>μοί</em></span> <span class='ocrx_word' id='word_1_265' title='bbox 746 2518 828 2549; x_wconf 83' lang='grc' dir='ltr'>πως</span> <span class='ocrx_word' id='word_1_266' title='bbox 863 2503 904 2542; x_wconf 72' lang='grc' dir='ltr'>ἐκ</span> <span class='ocrx_word' id='word_1_267' title='bbox 936 2508 1038 2541; x_wconf 85' lang='grc' dir='ltr'><em>θεοῦ</em></span> <span class='ocrx_word' id='word_1_268' title='bbox 1073 2504 1241 2541; x_wconf 76' lang='grc' dir='ltr'><em>δέδοται.</em></span> 
     </span>
    </p>

    <p class='ocr_par' dir='ltr' id='par_1_11' title="bbox 303 2576 1931 2635">
     <span class='ocr_line' id='line_1_31' title="bbox 303 2576 1931 2635; baseline -0.004 -15"><span class='ocrx_word' id='word_1_269' title='bbox 303 2577 434 2628; x_wconf 81' lang='lat' dir='ltr'>Alibi,</span> <span class='ocrx_word' id='word_1_270' title='bbox 468 2578 656 2635; x_wconf 73' lang='lat' dir='ltr'>Euthyd.</span> <span class='ocrx_word' id='word_1_271' title='bbox 690 2578 775 2620; x_wconf 66' lang='lat'>272</span> <span class='ocrx_word' id='word_1_272' title='bbox 799 2577 828 2619; x_wconf 82' lang='lat' dir='ltr'>E</span> <span class='ocrx_word' id='word_1_273' title='bbox 856 2579 953 2617; x_wconf 78' lang='grc' dir='ltr'><em>κατὰ</em></span> <span class='ocrx_word' id='word_1_274' title='bbox 985 2578 1084 2617; x_wconf 84' lang='grc' dir='ltr'><em>θεὸν</em></span> <span class='ocrx_word' id='word_1_275' title='bbox 1111 2579 1184 2630; x_wconf 76' lang='grc' dir='ltr'>γάρ</span> <span class='ocrx_word' id='word_1_276' title='bbox 1216 2594 1302 2616; x_wconf 89' lang='grc' dir='ltr'><em>τινα</em></span> <span class='ocrx_word' id='word_1_277' title='bbox 1331 2578 1468 2629; x_wconf 77' lang='grc' dir='ltr'><em>ἔτυχον</em></span> <span class='ocrx_word' id='word_1_278' title='bbox 1495 2578 1724 2628; x_wconf 79' lang='grc' dir='ltr'><em>καθήμενος</em></span> <span class='ocrx_word' id='word_1_279' title='bbox 1743 2576 1931 2615; x_wconf 82' lang='grc' dir='ltr'><em>ἐνταῦθα.</em></span> 
     </span>
    </p>
   </div>
   <div class='ocr_carea' id='block_1_8' title="bbox 246 2784 1932 2946">
    <p class='ocr_par' dir='ltr' id='par_1_12' title="bbox 246 2784 1932 2946">
     <span class='ocr_line' id='line_1_32' title="bbox 294 2784 773 2828; baseline -0.004 -10"><span class='ocrx_word' id='word_1_280' title='bbox 294 2785 316 2826; x_wconf 91' lang='lat'>¹)</span> <span class='ocrx_word' id='word_1_281' title='bbox 343 2784 428 2818; x_wconf 86' lang='lat' dir='ltr'>Vid.</span> <span class='ocrx_word' id='word_1_282' title='bbox 452 2796 536 2828; x_wconf 80' lang='lat' dir='ltr'>pag.</span> <span class='ocrx_word' id='word_1_283' title='bbox 559 2784 613 2823; x_wconf 80' lang='lat'>37,</span> <span class='ocrx_word' id='word_1_284' title='bbox 638 2784 692 2822; x_wconf 77' lang='grc'>49,</span> <span class='ocrx_word' id='word_1_285' title='bbox 719 2784 773 2817; x_wconf 83' lang='grc'>51.</span> 
     </span>
     <span class='ocr_line' id='line_1_33' title="bbox 292 2838 1932 2887; baseline -0.004 -9"><span class='ocrx_word' id='word_1_286' title='bbox 292 2846 316 2886; x_wconf 79' lang='lat'>²)</span> <span class='ocrx_word' id='word_1_287' title='bbox 346 2844 424 2878; x_wconf 80' lang='lat' dir='ltr'>Hac</span> <span class='ocrx_word' id='word_1_288' title='bbox 446 2844 525 2878; x_wconf 90' lang='lat' dir='ltr'>luce</span> <span class='ocrx_word' id='word_1_289' title='bbox 548 2857 697 2887; x_wconf 81' lang='lat' dir='ltr'>quoque</span> <span class='ocrx_word' id='word_1_290' title='bbox 721 2842 996 2886; x_wconf 83' lang='lat' dir='ltr'>interpretandi</span> <span class='ocrx_word' id='word_1_291' title='bbox 1018 2855 1104 2877; x_wconf 81' lang='lat' dir='ltr'>esse</span> <span class='ocrx_word' id='word_1_292' title='bbox 1120 2841 1295 2876; x_wconf 86' lang='lat' dir='ltr'>videntur</span> <span class='ocrx_word' id='word_1_293' title='bbox 1314 2841 1383 2875; x_wconf 88' lang='lat' dir='ltr'>loci</span> <span class='ocrx_word' id='word_1_294' title='bbox 1407 2840 1540 2885; x_wconf 82' lang='lat' dir='ltr'>quales</span> <span class='ocrx_word' id='word_1_295' title='bbox 1559 2843 1648 2875; x_wconf 83' lang='lat' dir='ltr'>sunt</span> <span class='ocrx_word' id='word_1_296' title='bbox 1663 2840 1758 2874; x_wconf 73' lang='lat' dir='ltr'>Plat.</span> <span class='ocrx_word' id='word_1_297' title='bbox 1773 2838 1932 2873; x_wconf 78' lang='lat' dir='ltr'>Phaedr.</span> 
     </span>
     <span class='ocr_line' id='line_1_34' title="bbox 246 2898 1931 2946; baseline -0.004 -9"><span class='ocrx_word' id='word_1_298' title='bbox 246 2904 313 2938; x_wconf 65' lang='lat'>276</span> <span class='ocrx_word' id='word_1_299' title='bbox 338 2904 378 2937; x_wconf 83' lang='lat' dir='ltr'>E.</span> <span class='ocrx_word' id='word_1_300' title='bbox 412 2910 514 2946; x_wconf 64' lang='grc' dir='ltr'><em>λαβὼν</em></span> <span class='ocrx_word' id='word_1_301' title='bbox 549 2908 655 2944; x_wconf 68' lang='grc' dir='ltr'><em>ψυχὴν</em></span> <span class='ocrx_word' id='word_1_302' title='bbox 692 2911 911 2946; x_wconf 61' lang='grc' dir='ltr'><em>προσήκουσαν</em></span> <span class='ocrx_word' id='word_1_303' title='bbox 942 2905 978 2936; x_wconf 65' lang='lat' dir='ltr'>et</span> <span class='ocrx_word' id='word_1_304' title='bbox 1014 2902 1123 2936; x_wconf 76' lang='lat' dir='ltr'>Mem.</span> <span class='ocrx_word' id='word_1_305' title='bbox 1149 2902 1210 2937; x_wconf 59' lang='lat' dir='ltr'>lv.</span> <span class='ocrx_word' id='word_1_306' title='bbox 1239 2902 1267 2936; x_wconf 86' lang='lat'>1.</span> <span class='ocrx_word' id='word_1_307' title='bbox 1293 2902 1324 2935; x_wconf 64' lang='lat'>2.</span> <span class='ocrx_word' id='word_1_308' title='bbox 1351 2911 1409 2933; x_wconf 75' lang='grc' dir='ltr'>τῶν</span> <span class='ocrx_word' id='word_1_309' title='bbox 1435 2906 1486 2938; x_wconf 73' lang='grc' dir='ltr'>τὰς</span> <span class='ocrx_word' id='word_1_310' title='bbox 1512 2905 1624 2942; x_wconf 64' lang='grc' dir='ltr'><em>ψυχὰσ</em></span> <span class='ocrx_word' id='word_1_311' title='bbox 1649 2904 1725 2942; x_wconf 69' lang='grc' dir='ltr'>πρὸς</span> <span class='ocrx_word' id='word_1_312' title='bbox 1758 2903 1868 2943; x_wconf 75' lang='grc' dir='ltr'><em>ἀρετὴν</em></span> <span class='ocrx_word' id='word_1_313' title='bbox 1898 2898 1931 2930; x_wconf 80' lang='grc' dir='ltr'>εὖ</span> 
     </span>
    </p>
   </div>
   <div class='ocr_carea' id='block_1_9' title="bbox 247 2968 617 3007">
    <p class='ocr_par' dir='ltr' id='par_1_13' title="bbox 247 2968 617 3007">
     <span class='ocr_line' id='line_1_35' title="bbox 247 2968 617 3007; baseline -0.005 -10"><span class='ocrx_word' id='word_1_314' title='bbox 247 2971 427 3007; x_wconf 68' lang='grc' dir='ltr'><em>πεφυκότων</em></span> <span class='ocrx_word' id='word_1_315' title='bbox 452 2968 617 3006; x_wconf 70' lang='grc' dir='ltr'><em>ἐφιέμενος.</em></span> 
     </span>
    </p>
   </div>
  </div>
 </body>
</html>
