2019 3299
936 165 963 206 5

116 295 200 334 tem
228 305 312 332 non
343 289 484 332 solum
505 288 578 330 illo
598 292 789 344 tempore
806 302 902 330 cum
923 302 969 329 se
987 285 1236 329 defenderet
1254 289 1355 327 ante
1374 285 1538 328 iudices
1556 284 1790 340 superbum

115 381 161 408 se
202 363 472 421 praebuisse,
518 363 592 406 sed
636 363 677 405 in
722 362 978 405 universum
1022 366 1223 404 naturam
1257 360 1351 403 eius
1385 365 1424 403 et
1457 359 1647 402 indolem
1682 358 1793 402 hanc

114 441 153 484 ei
184 439 434 496 superbiam
467 438 651 481 dedisse.
680 437 911 481 Probabile
938 441 1003 480 est
1031 435 1245 479 comicum
1265 435 1535 478 liberrimum
1555 435 1597 477 in
1617 434 1792 477 modum

115 530 167 558 ea
206 513 513 569 perstrinxisse
554 528 666 569 quae
710 512 750 554 in
785 511 965 554 Socrate
1007 511 1044 554 ei
1089 510 1354 553 videbantur
1385 509 1570 552 ridicula
1602 508 1670 551 vel
1702 523 1794 565 per-

113 585 382 645 stringenda.
429 587 775 643 Nonnumquam
819 586 1125 641 exaggerando
1173 590 1214 628 et
1261 584 1303 627 in
1352 584 1498 628 maius
1544 583 1793 627 extollendo

113 679 211 707 eum
257 663 481 706 veritatem
525 678 750 719 egressum
789 677 886 705 esse
920 666 959 705 et
993 661 1169 704 modum
1205 660 1448 703 excessisse
1479 659 1666 703 libenter
1697 674 1795 702 con·

113 739 249 782 fiteor.
294 732 390 781 Hoc
435 737 535 780 fecit
576 738 690 781 risus
733 737 933 780 eliciendi
975 751 1124 780 causa.
1169 735 1521 791 Exaggeratione
1564 741 1709 778 autem
1753 740 1793 778 et

112 812 451 870 amplificatione
484 812 662 855 omissis
695 812 894 855 habitum
928 811 1022 855 eius
1055 815 1096 854 et
1128 826 1273 853 mores
1305 815 1418 853 recte
1447 809 1573 853 nobis
1601 809 1793 866 depinxit

114 894 160 932 ut
204 893 390 932 testatur
428 888 522 945 ipse
570 887 749 941 Platol).
799 887 1113 930 percurramus
1160 886 1279 929 locos
1327 885 1401 942 qui
1445 885 1633 928 maxime
1666 884 1793 928 nobis

113 968 372 1020 argumento
407 964 531 1006 sunt!

171 1039 324 1082 Nubes
360 1039 440 1083 102
487 1040 751 1088 ἀλαζόνες,
792 1038 1022 1091 ὠχριῶντες,
1065 1038 1315 1089 ἀνυποδήτοι
1347 1035 1559 1080 Socratici
1593 1034 1792 1079 audiunt.

170 1113 324 1158 Nubes
359 1114 441 1158 140
474 1113 551 1154 ἀλλ’
599 1116 645 1154 οὐ
689 1115 806 1165 θέμις
848 1115 952 1165 πλὴν
985 1118 1065 1161 τοῖς
1094 1117 1340 1164 μαθηταῖσιν
1369 1117 1519 1165 λεγειν;
1551 1110 1792 1167 discipulus

229 1189 291 1232 sic
323 1193 369 1232 ut
401 1189 609 1245 magister
640 1189 854 1232 adversus
888 1188 1094 1231 mortales
1128 1186 1379 1244 superbiam
1414 1201 1597 1242 prae-se
1629 1185 1725 1229 fert.

172 1265 326 1308 Nubes
359 1265 445 1308 223
479 1262 508 1305 ὦ
541 1266 768 1316 ἕφήμερε

288 1339 360 1383 ubi
393 1340 436 1383 in
463 1339 652 1383 editione
682 1355 720 1382 v,
740 1338 962 1382 LEEUWEN
980 1343 1093 1382 recte
1112 1338 1295 1381 adnotat
1316 1337 1540 1392 „Tmnide
1557 1337 1791 1380 admodum

230 1415 459 1458 mortalem
492 1413 700 1458 affatur”.

172 1490 325 1533 Nubes
352 1490 439 1533 224
470 1488 728 1542 ἀντιβολῶ
761 1494 972 1545 tanquam
1006 1489 1151 1538 deum,

286 1565 369 1608 Per
399 1570 535 1608 totam
569 1564 725 1608 deinde
753 1564 1159 1608 confabulationem
1189 1563 1283 1607 eius
1315 1578 1459 1606 sermo
1492 1562 1697 1606 tumidior
1730 1567 1794 1605 est

229 1645 269 1683 et
301 1641 486 1697 superbe
520 1645 560 1683 et
591 1640 775 1696 abrupte
806 1639 1012 1697 loquitur.
1120 1629 1126 1633 ⁸

170 1715 323 1759 Nubes
369 1716 453 1758 247
501 1720 712 1772 tanquam
753 1715 845 1758 ludi
889 1715 1098 1771 magister
1144 1714 1322 1771 quidam
1363 1713 1575 1770 discipulo
1612 1729 1790 1769 gravem

228 1790 404 1847 alapam
437 1790 606 1846 infligit.

171 1865 326 1909 Nubes
359 1866 442 1909 237
478 1880 641 1922 magna
672 1865 939 1922 contemptio
973 1865 1067 1908 eius
1102 1864 1247 1907 verbis
1280 1863 1409 1907 inest.

168 1941 320 1985 Nubes
347 1943 447 1985 359.
475 1956 569 1998 sqq.
600 1941 693 1997 ipse
721 1940 925 1984 Socrates
955 1955 1094 1996 neque
1122 1939 1236 1983 alius
1260 1938 1463 1996 sophista
1479 1939 1790 1995 compellatur:

284 2051 332 2090 σύ
364 2065 414 2101 τε,
444 2051 688 2089 λεπτοτάτων
720 2050 852 2101 λήρων
884 2050 1003 2099 ἱερεῦ,
1033 2051 1155 2100 φράζε
1185 2049 1287 2100 πρὸσ
1319 2047 1422 2100 ἡμᾶς
1454 2049 1511 2088 ὅτι
1541 2048 1702 2103 χρῄζεις.

285 2126 333 2165 οὐ
364 2126 436 2177 γὰρ
468 2124 517 2163 ἅν
558 2124 659 2180 ἄλλῳ
701 2121 731 2176 γ’
767 2124 1068 2175 ὑπακούσαιμεν
1100 2131 1178 2163 τῶν
1210 2131 1286 2163 νῦν
1318 2130 1704 2175 μετεωροσοφιστῶν,

284 2200 388 2251 πλὴν
419 2201 452 2239 εἰ
484 2201 682 2256 Προδίκῳ·
714 2208 765 2254 τῷ
797 2200 882 2251 μέν,
912 2201 1056 2250 σοφίας
1087 2201 1152 2239 καὶ
1183 2201 1344 2252 γνώμης
1376 2200 1534 2250 οὕνεκα,
1565 2198 1628 2238 σοὶ
1654 2198 1709 2249 δέ,

287 2277 362 2316 ὅτι
393 2278 652 2328 βρενθύει
691 2273 717 2315 τ’
754 2276 803 2315 ἐν
846 2280 1017 2315 ταῖσιν
1055 2274 1201 2323 ὁδοῖς
1244 2276 1328 2314 καὶ
1368 2275 1428 2314 τὼ
1472 2273 1722 2325 ὀφθαλμὼ

1277 2348 1673 2404 [παραβάλλεις,

286 2425 370 2465 καὶ
413 2426 745 2477 ἀνυπόδητος
787 2426 914 2465 κακὰ
956 2423 1090 2465 πόλλ’
1136 2425 1326 2477 ἀνέχει,
1366 2425 1448 2464 καὶ
1489 2423 1555 2476 ἐφ’
1591 2423 1715 2476 ἡμῖν

1179 2498 1672 2554 [σεμνοπροσωπεῖς.

167 2589 291 2640 Quod
324 2606 350 2634 a
381 2590 562 2634 Platone
596 2591 748 2648 Symp.
781 2591 863 2633 221
901 2591 951 2634 B.
984 2590 1247 2634 affirmatur:

165 2666 297 2705 ἔπειτα
344 2668 474 2719 ἔμοιγε
520 2667 660 2718 ἐδόκει,
705 2663 734 2706 ὦ
783 2669 1072 2720 Άριστόφανες,
1115 2668 1156 2707 τὸ
1205 2669 1276 2706 σὸν
1327 2667 1375 2717 δὴ
1424 2672 1552 2716 τοῦτο,
1598 2666 1666 2705 καὶ
1712 2666 1790 2706 ἐκει

108 2741 421 2793 διαπορεύεσθαι
463 2744 593 2795 ὥσπερ
634 2743 700 2781 καὶ
738 2742 901 2794 ἐνθάδε,
939 2743 1341 2795 βρενθυόμενος
1383 2742 1463 2781 καὶ
1494 2740 1788 2792 τώφθαλμὼ

107 2818 462 2868 παραβάλλων,
502 2817 627 2870 ἠρέμα
659 2826 912 2871 περισκοπῶν
944 2817 1010 2857 καὶ
1042 2819 1132 2865 τοὺς
1166 2820 1326 2868 φιλίους
1356 2817 1423 2857 καὶ
1454 2817 1545 2864 τοὺς
1576 2818 1788 2868 πολεμίους

155 2936 179 2978 1)
206 2936 334 2981 Symp.
358 2936 422 2971 221
450 2937 490 2971 Β.
