2019 3299
1019 187 1075 227 90

186 309 396 365 'proferre
424 324 566 366 posse.
595 309 722 366 Apud
752 309 1089 366 Xenophontem
1115 325 1200 352 non
1218 314 1306 353 tam
1325 310 1467 353 verbis
1485 310 1560 353 sed
1579 309 1705 354 factis
1724 325 1886 367 pugna-

203 389 293 428 tur:
322 387 370 426 σὺ
400 386 440 425 δὲ
466 387 563 436 εἰπέ,
589 387 620 425 εὶ
648 403 734 425 τινα
763 385 883 425 οἶσθα
912 384 974 425 ὑπ’
1006 387 1102 436 ἐμοῦ
1130 387 1391 439 γεγενημένον
1419 386 1499 438 ἢέξ
1517 387 1706 439 εὐσεβοῦς
1723 388 1889 428 ἀνόσιον

203 463 228 515 ἢ
266 464 306 503 ἐκ
348 465 556 514 σώφρονος
595 463 786 515 ὑβριστὴν
823 463 848 515 ἢ
880 464 917 511 ἐξ
950 464 1151 503 εὐδιαίτου
1179 464 1468 503 πολυδάπανον
1500 463 1524 515 ἢ
1557 463 1597 502 ἐκ
1630 465 1886 516 μετριοπότου

201 538 422 590 οἰνόφλυγα
454 538 478 590 ἢ
511 539 553 578 ἐκ
586 541 810 588 φιλοπόνου
842 540 1020 590 μαλακὸν
1051 539 1076 591 ἢ
1109 539 1228 590 ἄλλης
1260 547 1438 590 πονηρᾶς
1470 538 1618 591 ἡδονῆς
1649 538 1886 591 ἡσσημένον.

264 612 386 663 Quae
434 613 588 657 deinde
637 619 882 671 sequuntur
924 614 1074 657 omnia
1115 619 1217 657 sunt
1261 614 1393 657 verba
1434 614 1549 657 serio
1593 614 1721 657 dicta.
1766 614 1886 658 Haec

203 703 339 732 causa
372 692 598 743 capitalis
626 706 701 746 per
734 689 829 733 ioca
855 690 970 746 apud
1000 689 1340 746 Xenophontem
1367 705 1451 733 non
1481 690 1637 746 agitur,
1656 689 1884 733 hominum

203 769 385 808 naturae
413 766 723 809 convenienter
749 766 904 823 capitis
932 767 1013 809 hoc
1036 765 1276 823 periculum
1305 782 1378 822 per
1401 765 1515 809 seria
1532 765 1722 822 effugere
1739 765 1885 808 studet

203 839 428 890 Socrates;
479 841 635 897 quodsi
681 842 780 898 quis
827 841 980 885 dixerit
1032 841 1350 885 interventione
1398 840 1616 885 daemonii
1658 856 1756 884 eum
1799 857 1884 884 non

203 916 404 972 ignorare
453 921 635 960 mortem
686 917 849 961 instare
897 917 993 966 sibi,
1042 923 1187 961 tamen
1234 933 1332 961 eum
1375 933 1461 960 non
1504 917 1624 960 decet
1664 917 1812 960 ludere
1845 922 1886 961 et

201 998 503 1036 accusatorem
540 998 629 1036 tam
663 993 749 1043 diu,
779 998 825 1036 ut
853 999 917 1037 est
950 993 1067 1050 apud
1100 993 1348 1042 Platonem,
1381 992 1568 1036 ludibrio
1601 993 1778 1047 habere,
1809 993 1884 1037 sed

203 1067 326 1111 vultu
360 1067 470 1111 serie
512 1069 757 1125 composito
800 1068 935 1112 vitam
971 1084 1096 1112 suam
1131 1074 1171 1112 et
1213 1085 1322 1125 opus
1355 1075 1392 1112 et
1427 1069 1619 1113 studium
1654 1068 1885 1112 defendere

201 1143 598 1201 innocentiamque.
648 1144 695 1186 In
744 1148 939 1187 extrema
987 1149 1124 1187 morte
1172 1144 1308 1188 nimia
1354 1144 1494 1188 ironia
1540 1144 1582 1187 in
1630 1159 1716 1193 reo,
1751 1144 1886 1188 nimia

200 1219 358 1264 iocatio
400 1220 610 1278 displicet,
655 1236 794 1278 neque
837 1220 925 1263 veri
959 1220 1103 1264 simile
1150 1226 1215 1264 est
1262 1220 1486 1264 Socratem
1531 1220 1573 1263 in
1611 1219 1884 1264 defendendo

199 1295 386 1339 lascivia
416 1296 605 1353 quadam
641 1312 770 1340 usum
805 1312 901 1339 esse
934 1296 1138 1339 irridendi
1173 1301 1212 1339 et
1245 1296 1429 1340 iocandi.

260 1371 382 1415 Haec
409 1387 545 1415 causa
571 1377 634 1415 est
662 1372 777 1429 quod
807 1372 1011 1415 Socrates
1038 1371 1293 1415 Platonicus
1321 1371 1447 1415 nobis
1465 1371 1643 1415 minime
1663 1372 1884 1429 probatur.

258 1447 453 1491 Primum
486 1448 569 1491 hoc
610 1448 890 1491 statuendum
934 1452 1012 1496 est,
1047 1463 1132 1490 non
1167 1448 1352 1491 eundem
1386 1447 1612 1491 Socratem
1646 1463 1672 1491 a
1703 1447 1884 1491 Platone

200 1522 327 1566 nobis
359 1539 474 1566 nunc
502 1528 602 1567 ante
636 1523 788 1567 oculos
822 1523 937 1580 poni,
973 1539 1058 1566 non
1092 1523 1215 1567 illum
1249 1524 1471 1567 hominem
1504 1528 1630 1567 caute
1662 1528 1703 1567 et
1733 1523 1884 1567 timide

199 1614 379 1643 causam
427 1599 732 1644 defendentem
781 1600 931 1644 divina
978 1605 1122 1644 mente
1168 1600 1398 1650 imbutum,
1446 1601 1537 1650 sed,
1584 1600 1685 1644 ficta
1730 1599 1884 1644 callide

199 1674 497 1724 altercatione,
541 1691 640 1718 cum
673 1680 929 1719 accusatore
963 1675 1106 1732 iurgia
1138 1681 1424 1724 exercentem,
1461 1676 1579 1719 velut
1612 1675 1648 1719 si
1681 1675 1752 1719 ille
1778 1691 1885 1732 puer

199 1755 316 1794 esset
348 1766 477 1807 quem
511 1751 610 1808 quis
643 1752 697 1794 ad
732 1751 904 1795 libitum
939 1751 1124 1795 ludibrio
1158 1752 1320 1796 habere
1353 1757 1515 1809 posset.

257 1826 470 1870 Nonnihil
503 1827 684 1871 interest
717 1828 830 1870 inter
862 1827 1089 1871 Socratem
1119 1828 1281 1871 iudices
1309 1827 1620 1885 alloquentem,
1648 1832 1748 1871 ante
1775 1826 1883 1870 iudi-

198 1918 269 1945 ces
316 1918 496 1946 causam
545 1919 672 1947 suam
721 1904 1045 1953 defendentem,
1090 1909 1129 1946 et
1176 1904 1407 1947 Socratem
1436 1904 1509 1960 qui
1544 1919 1628 1947 non
1663 1903 1776 1947 serio
1808 1904 1883 1947 sed

198 1994 272 2034 per
305 1979 446 2022 iocum
480 1980 723 2023 accusatori
756 1979 946 2023 illudens
979 1980 1096 2023 illius
1125 1980 1341 2023 inscitiam
1366 1985 1406 2023 et
1430 1979 1688 2036 imperitiam
1709 1974 1882 2022 demon-

197 2059 337 2098 strare
371 2055 515 2098 studet
545 2056 615 2110 (27
635 2057 674 2099 A
706 2061 833 2097 καίτοι
864 2064 979 2097 τοῦτο
1012 2058 1090 2097 ἐστι
1123 2058 1376 2110 παίζοντος.).

255 2130 484 2175 Adversus
542 2131 749 2175 Meletum
808 2132 1014 2176 Socrates
1065 2131 1320 2175 Platonicus
1367 2131 1552 2175 lascivia
1598 2130 1787 2188 quadam
1837 2145 1883 2173 se

198 2207 346 2257 iactat,
389 2213 600 2265 tanquam
652 2214 776 2252 vetus
818 2209 860 2251 in
909 2214 1000 2252 arte
1033 2208 1287 2264 disputandi
1319 2207 1549 2265 gladiator,
1592 2207 1664 2264 qui
1696 2206 1880 2249 tironem

198 2299 273 2340 per
303 2284 455 2327 ludum
489 2291 528 2328 et
562 2300 635 2341 per
663 2285 806 2327 iocum
835 2285 1004 2328 devinci
1035 2300 1163 2341 posse
1190 2284 1440 2327 arbitratur.
1470 2283 1564 2327 Nos
1590 2287 1736 2327 autem
1757 2281 1882 2324 nobis

199 2359 398 2402 videmur
415 2360 648 2403 identidem
666 2363 829 2416 ipsum
842 2362 1088 2405 Platonem
1105 2360 1268 2408 audire,
1289 2360 1360 2403 ubi
1381 2359 1586 2403 Meletum
1606 2358 1747 2401 illudit
1765 2357 1882 2401 hisce

201 2435 427 2478 vocabulis
474 2436 531 2478 24
553 2436 600 2478 B:
654 2438 750 2488 πρὸς
799 2437 840 2476 δὲ
886 2437 1076 2488 Μέλητον
1113 2438 1180 2477 τὸν
1213 2437 1374 2489 ἀγαθόν
1410 2452 1443 2475 τε
1476 2436 1541 2475 καὶ
1573 2436 1801 2485 φιλόπολιν,
1831 2435 1882 2481 ὥς

197 2524 309 2562 φησι,
352 2510 591 2563 πειράὰομαι
631 2513 936 2565 ἀπολογεῖσθαι,
997 2511 1104 2554 240
1137 2513 1205 2552 καί
1235 2528 1314 2563 μοι,
1346 2513 1479 2563 δεῦρο,
1510 2507 1539 2551 ὦ
1574 2511 1744 2562 Μέλητε,
1775 2508 1882 2552 25C

198 2584 227 2626 ὦ
271 2588 369 2638 πρὸς
416 2589 511 2636 Διὸς
566 2588 736 2640 Μέλητε,
783 2585 812 2628 ὦ
850 2590 935 2639 τάν,
966 2588 1073 2630 260
1107 2584 1136 2627 ὦ
1169 2589 1372 2637 θαυμάσιε
1408 2587 1576 2638 Μέλητε.
1609 2585 1733 2628 Talis
1766 2583 1880 2627 enim

198 2661 340 2704 irrisio
382 2662 524 2718 magis
567 2663 686 2706 decet
715 2663 970 2719 scriptorem
1010 2662 1297 2718 posteriorem
1334 2662 1400 2704 vel
1438 2660 1766 2718 philosophum,
1809 2659 1882 2716 qui

197 2752 294 2780 cum
343 2737 494 2781 amicis
543 2738 594 2780 de
641 2738 791 2794 aliqua
838 2738 1096 2795 quaestione
1139 2737 1457 2780 iucundissime
1499 2735 1706 2793 disputat,
1740 2735 1881 2792 ipsum

196 2812 425 2856 Platonem
462 2818 580 2869 puta,
609 2829 740 2870 quam
775 2829 911 2857 reum.
946 2813 1029 2864 Qui
1062 2813 1216 2868 capitis
1249 2817 1483 2856 accusatus
1516 2816 1649 2855 vitam
1678 2810 1883 2858 defendit,

196 2888 237 2930 in
272 2903 372 2931 eum
407 2888 621 2931 eiusmodi
657 2904 800 2931 sermo
835 2889 1021 2931 irridens
1056 2904 1142 2931 non
1177 2888 1304 2931 cadit.
1338 2888 1463 2931 Plato
1497 2892 1643 2930 autem
1676 2902 1762 2929 non
1796 2891 1883 2929 tam

195 2962 378 3006 crimina
425 2962 668 3006 dissolvere
718 2964 922 3007 studebat
971 2979 1102 3020 quam
1152 2964 1309 3006 acerba
1358 2963 1556 3006 irrisione
1589 2963 1888 3006 demonstrare

2000 404 2019 587 t
