2019 3299
1016 179 1097 221 118

268 302 544 346 Rusticailla
561 302 756 346 Socratis
785 302 1097 360 Xenophontei
1125 302 1342 346 acerbitas
1370 306 1409 345 et
1438 301 1646 358 superbia
1673 300 1897 344 aPlatone

210 376 409 420 nonnihil
444 376 644 433 mitigata
676 382 752 420 est.
784 378 911 434 Apud
936 393 1033 421 eum
1055 377 1183 434 igitur
1205 378 1338 421 verba
1356 377 1487 434 paulo
1507 376 1681 420 mitiora
1696 375 1895 431 legimus.

695 597 723 653 ἓ
762 599 826 642 19.
894 599 939 642 Β.
976 599 1047 642 De
1096 599 1416 643 Palamede.

212 753 339 810 Apol.
373 753 485 797 Xen.
519 755 588 797 26.
1054 759 1056 805 ζ
1120 755 1248 812 Apol.
1281 755 1391 798 Plat.
1423 754 1476 797 41
1513 754 1564 797 A.
1585 754 1633 797 B.

268 835 564 882 παραμυθεῖται
596 831 638 870 δέ
669 832 706 870 τί
734 847 779 882 με
810 832 876 871 καὶ
909 835 993 870 Πα-
1055 822 1056 828 ¹
1179 832 1260 871 ἐπεὶ
1295 833 1426 883 ἔμοιγε
1456 831 1522 869 καὶ
1549 831 1653 885 αὐτῷ
1686 829 1900 880 θαυμαστὴ

210 907 390 956 λαμήδης
431 905 450 946 ὅ
492 907 777 964 παραπλησίως
820 907 905 958 ἐμοὶ
938 923 993 947 τε-
1121 906 1170 946 ἂν
1212 908 1270 964 εζη
1313 905 1336 957 ἡ
1381 906 1562 957 διατριβὴ
1596 906 1754 955 αὐτόθι,
1784 903 1901 944 ὁπότε

211 982 417 1031 λευτήσαςῑ
466 981 519 1020 ἔτι
566 983 638 1034 γὰρ
686 982 752 1021 καὶ
784 989 860 1022 νῦν
891 984 993 1023 πολὺ
1122 982 1321 1034 ἐντύχοιμι
1364 982 1600 1032 Παλαμήδει
1645 980 1712 1020 καὶ
1749 979 1902 1019 ’Ἀιαντι

211 1059 395 1103 καλλίους
436 1058 589 1106 ὕμνους
622 1056 829 1109 παρέχεται
857 1056 996 1098 Ὀὃυσ-
1123 1066 1172 1112 τῷ
1225 1061 1457 1107 Τελαμῶνος
1503 1056 1569 1095 καὶ
1609 1057 1648 1095 εἴ
1687 1073 1741 1104 τις
1788 1055 1902 1102 ἄλλος

212 1131 308 1180 σέως
362 1140 432 1172 τοῦ
488 1132 634 1179 ἀδίκως
690 1132 997 1182 ἀποκτείναντος
1123 1141 1197 1173 τῶν
1249 1138 1431 1172 παλαιῶν
1476 1133 1540 1171 διὰ
1587 1133 1716 1182 κρίσιν
1761 1130 1902 1170 ἄδικον

211 1209 348 1250 αὐτόν.
1123 1208 1331 1259 τέθνηκεν,
1401 1208 1784 1259 ἀντιπαραβάλλοντι
1856 1205 1902 1244 τὰ

1124 1285 1296 1336 ἐμαυτοῦ
1341 1286 1456 1335 πάθη
1502 1283 1599 1334 πρὸς
1645 1283 1691 1322 τὰ
1732 1281 1905 1331 ἐκείνων,

1126 1360 1176 1407 ὡς
1209 1357 1368 1415 ἐγῷμαι,
1399 1360 1472 1399 οὐκ
1503 1358 1553 1398 ἂν
1585 1357 1704 1409 ἀηδὲς
1736 1358 1809 1408 εἴη.

273 1511 477 1555 Socrates
519 1511 883 1568 Xenophonteus,
926 1515 1160 1568 postquam
1193 1510 1514 1553 demonstravit
1545 1508 1822 1552 innocentem
1855 1523 1902 1551 se

213 1603 333 1630 reum
367 1602 393 1630 a
424 1586 641 1630 iudicibus
681 1587 937 1631 damnatum
971 1602 1082 1634 esse,
1112 1583 1325 1629 solacium
1358 1585 1463 1642 petit
1496 1600 1518 1628 e
1553 1589 1690 1627 morte
1721 1582 1903 1627 alterius

213 1662 419 1716 hominis,
467 1662 600 1705 immo
649 1662 817 1711 herois;
867 1667 1097 1706 contextus
1144 1666 1258 1705 recte
1307 1676 1354 1704 se
1403 1661 1555 1704 habet:
1608 1659 1735 1715 „Non
1782 1658 1902 1708 mihi,

213 1737 419 1781 Socrates
453 1737 608 1795 inquit,
642 1738 868 1782 damnatio
898 1753 996 1781 mea
1022 1736 1290 1793 ignominiae
1319 1741 1397 1779 est.
1429 1735 1569 1779 Fuere
1594 1735 1669 1779 alii
1695 1733 1903 1790 viriquos

217 1829 269 1868 „a
294 1814 410 1871 lupis
443 1814 793 1858 circumventos''
825 1813 1116 1857 iniustissime
1144 1812 1385 1868 „demisere
1408 1811 1530 1854 neci’'
1553 1837 1601 1843 -
1628 1825 1770 1867 neque
1796 1809 1902 1852 mibi

213 1889 296 1933 soli
324 1890 406 1933 hoc
433 1890 587 1947 obtigit
615 1917 685 1933 —.
713 1889 832 1933 Inter
849 1905 961 1947 quos
980 1888 1059 1932 fuit
1080 1893 1119 1931 et
1137 1888 1415 1938 PalamedeS,
1435 1903 1564 1945 quem
1585 1892 1738 1944 poetae
1755 1886 1903 1930 etiam-

213 1981 329 2009 nunc
361 1966 630 2009 carminibus
663 1956 898 2010 celebrant.
932 1965 1005 2008 Sic
1039 1980 1106 2008 me
1134 1979 1307 2021 quoque
1335 1964 1501 2007 clarum
1520 1978 1681 2006 nomen
1699 1952 1902 2020 claraque

214 2041 333 2085 fama
361 2042 556 2086 manet.’'
584 2041 790 2085 Socrates
816 2041 1072 2085 Platonicus
1096 2056 1117 2084 e
1135 2040 1355 2083 contrario
1373 2055 1420 2083 se
1439 2055 1524 2082 non
1544 2038 1796 2082 consolatur
1812 2039 1902 2082 fato

214 2122 253 2160 et
286 2117 408 2161 fama
438 2117 705 2167 Palamedis,
739 2118 815 2161 sed
849 2117 1076 2174 profitetur
1108 2132 1156 2160 se
1189 2132 1275 2159 non
1309 2115 1405 2159 sine
1446 2115 1667 2172 voluptate
1699 2130 1782 2159 sua
1811 2114 1903 2159 fata

214 2208 311 2236 cum
358 2193 445 2236 vita
488 2193 751 2243 Palamedis,
796 2193 960 2243 Aiacis,
1000 2193 1189 2236 aliorum
1232 2191 1494 2235 collaturum
1528 2206 1639 2235 esse.
1673 2191 1768 2234 Hoc
1798 2205 1903 2247 gau-

214 2268 332 2311 dium
375 2269 692 2312 adnumeratur
732 2268 1052 2328 aliislgaudiis,
1087 2283 1200 2326 quae
1233 2267 1348 2324 apud
1383 2267 1547 2311 inferos
1574 2266 1780 2311 Socrates
1811 2281 1902 2323 per·

214 2350 421 2401 cepturus
468 2350 548 2388 est.
599 2345 706 2388 Mihi
756 2344 929 2388 videtur
960 2345 1042 2387 hoc
1095 2359 1193 2388 esse
1235 2343 1458 2399 singulare
1500 2342 1666 2400 aliquid
1698 2347 1740 2386 et
1771 2357 1903 2399 prope

214 2420 529 2469 inhumanum3
565 2421 627 2464 sic
659 2420 775 2463 enim
808 2420 1087 2463 levissimum
1115 2419 1156 2462 in
1186 2419 1364 2462 modum
1390 2417 1509 2476 loqui
1528 2418 1750 2462 hominem
1769 2421 1904 2463 modo

215 2498 471 2541 damnatum
511 2498 630 2540 omni
663 2497 861 2541 omnium
895 2496 1124 2540 hominum
1158 2501 1342 2540 naturae
1379 2500 1607 2552 repugnat.

275 2574 507 2617 Praeterea
538 2573 653 2630 apud
688 2573 920 2616 Platonem
948 2572 1149 2629 displicet
1181 2572 1311 2629 quod,
1350 2576 1395 2614 ut
1429 2570 1598 2628 opinor,
1632 2570 1831 2614 ubertate
1862 2572 1902 2612 et

214 2648 393 2692 levitate
423 2649 612 2706 quadam
645 2648 837 2705 fingendi
871 2653 911 2691 et
945 2647 1200 2696 exornandi,
1229 2647 1408 2691 Aiacem
1442 2646 1574 2690 addit.
1607 2645 1756 2689 Minus
1787 2648 1900 2688 recte

215 2724 327 2767 inter
357 2739 403 2767 se
435 2729 744 2780 comparantur
775 2723 889 2768 Aiax
921 2729 962 2767 et
995 2723 1214 2767 Socrates.
1249 2722 1325 2765 Ille
1358 2721 1473 2766 enim
1508 2722 1601 2778 ipse
1631 2721 1715 2764 sibi
1744 2735 1901 2764 manus

215 2799 373 2849 intulit,
410 2804 596 2855 spretus,
630 2800 791 2850 laesus,
827 2800 964 2842 nimio
996 2799 1161 2856 gloriae
1196 2803 1236 2841 et
1270 2798 1450 2841 honoris
1483 2797 1628 2841 studio
1661 2801 1898 2853 correptus,

214 2875 329 2932 quod
349 2890 435 2917 non
455 2879 553 2930 post
572 2875 786 2918 Achillem
807 2875 995 2932 primum
1014 2875 1157 2918 locum
1176 2874 1292 2931 apud
1311 2873 1506 2916 Achivos
1525 2872 1754 2922 obtineret.
1774 2872 1900 2915 Hanc

1997 270 2011 287 ἢ
