2019 3299
878 204 959 247 127

73 344 227 373 sumus
245 329 530 386 interpretari,
549 330 767 386 quomodo
786 329 892 372 haec
909 329 1162 386 accipienda
1178 335 1344 373 essent:
1378 346 1508 386 saepe
1527 330 1750 374 Socratem

37 454 40 458 ¹
76 404 158 448 sibi
182 404 432 464 inimicitias
460 404 727 447 contraxisse
754 404 878 447 dictis
906 405 1088 454 acerbis,
1108 421 1249 461 neque
1266 406 1405 448 solum
1425 405 1538 461 apud
1558 405 1752 461 Anytum

75 479 221 522 odium
267 479 543 537 implacabile
589 485 731 524 ortum
780 496 891 529 esse,
939 481 1015 524 sed
1057 481 1188 524 etiam
1235 482 1349 538 apud
1397 481 1590 528 Critiam,
1638 482 1752 538 apud

76 554 332 605 Chariclem‚
376 561 416 599 et
452 556 494 598 in
529 555 783 599 universum
816 556 931 611 apud
965 556 1203 612 permultos
1236 557 1457 613 aequales.
1493 557 1590 599 Vid.
1624 556 1753 599 Mem.

76 629 106 672 Ι.
140 630 181 673 2.
213 631 282 673 32.
318 630 446 673 Mem.
482 630 513 674 I.
550 631 569 673 1
621 633 699 679 3ος
736 630 862 686 Apol.
897 631 1007 674 Plat.
1040 632 1095 674 37
1123 631 1247 679 C.D;
1273 631 1454 674 Theaet.
1483 631 1752 675 151C.Plat.

77 704 206 761 Gorg.
239 706 324 748 522
344 706 402 748 E:
442 707 509 746 ἐάν
550 707 587 746 τέ
624 709 679 754 τίς
712 723 757 757 με
789 707 813 758 ἢ
851 708 1064 758 νεωτέρους
1097 715 1153 762 φῇ
1187 709 1440 759 διαφθείρειν
1471 709 1634 757 ἀπορεῖν
1666 724 1755 747 ποι*

77 788 213 829 οῦντοι,
252 781 290 833 ἢ
319 783 436 829 τοὺς
478 782 874 833 πρεσβυτέρους
915 787 1234 834 κακηγορεῖν
1274 783 1488 834 λέγοντα
1531 784 1755 834 πικροὺς

77 857 262 907 λόγους
304 861 432 895 κ.τ.λ.

136 929 278 972 Nobis
324 929 455 986 igitur
501 930 608 974 haec
655 931 998 980 narratiuncula,
1041 931 1153 974 sicut
1187 931 1299 974 aliae
1340 931 1534 974 eiusdem
1569 932 1756 988 generis,

76 1004 206 1058 (Xen.
238 1004 367 1048 Mem.
403 1006 432 1047 I.
471 1006 505 1048 1.
540 1007 610 1055 30,
645 1005 677 1048 I.
711 1007 750 1048 2.
792 1006 867 1059 32)
912 1021 1016 1049 vera
1052 1022 1149 1049 esse
1184 1006 1353 1049 videtur
1384 1012 1424 1049 et
1456 1006 1640 1050 libenter
1671 1024 1757 1051 cre-

76 1079 219 1123 dimus
261 1081 499 1137 permultos
541 1081 834 1126 Athenienses
873 1081 1043 1125 Socrati
1076 1081 1216 1138 ipsius
1248 1082 1484 1125 acerbitate
1518 1088 1559 1125 et
1591 1083 1757 1126 morda-

77 1155 200 1198 cibus
232 1155 356 1199 dictis
389 1155 590 1199 inimicos
624 1156 764 1199 factos
797 1172 908 1200 esse.

137 1231 313 1276 Privato
345 1233 475 1289 igitur
506 1233 604 1276 odio
631 1239 891 1281 commotus,
920 1237 1072 1277 nostra
1093 1234 1323 1282 sententia,
1344 1233 1517 1291 Anytus
1534 1233 1757 1276 Socratem

79 1308 315 1351 accusavit.
356 1308 456 1351 Non
489 1314 635 1352 autem
673 1308 926 1352 incredibile
958 1313 1037 1357 est,
1072 1309 1206 1351 immo
1238 1309 1473 1352 admodum
1509 1308 1758 1357 verisimile,

80 1383 274 1439 Anytum
322 1383 580 1427 arbitratum
629 1399 727 1427 esse
763 1384 874 1427 tales
907 1383 1121 1431 homines,
1155 1383 1298 1441 qualis
1331 1384 1536 1427 Socrates
1569 1388 1674 1433 erat,
1708 1399 1759 1427 ex

79 1458 199 1507 urbe,
233 1473 285 1501 ex
317 1458 492 1501 civitate
519 1459 799 1515 expellendos
823 1474 933 1509 esse,
963 1459 1123 1516 quippe
1141 1459 1215 1516 qui
1233 1458 1762 1516 coi·rumperent·iuvenes

79 1539 119 1576 et
152 1549 314 1590 magna
345 1534 657 1591 rempublicam
691 1534 942 1578 calamitate
974 1535 1208 1578 afficerent.
1243 1535 1404 1578 Partim
1432 1534 1564 1591 igitur
1588 1535 1762 1591 Anytus

81 1610 203 1653 bona
243 1612 333 1666 fide
379 1610 460 1653 hac
501 1609 543 1652 in
586 1626 631 1653 re
663 1611 834 1667 agebat.
868 1609 1010 1666 Magis
1041 1615 1187 1654 autem
1222 1615 1508 1668 exasperatus
1541 1615 1632 1654 erat
1664 1626 1762 1653 con-

80 1684 442 1728 tumeliosissimo
489 1685 684 1729 Socratis
730 1686 857 1729 dicto.
895 1687 991 1738 Περὶ
1023 1688 1174 1738 βύρσας
1205 1686 1432 1728 παιδεύεινὶ
1466 1685 1595 1729 Pater
1627 1685 1762 1742 Anyti

82 1760 123 1803 in
172 1776 224 1804 ea
269 1765 375 1810 arte,
424 1765 469 1803 ut
501 1760 668 1818 opinor,
701 1761 872 1818 opibus,
905 1761 1159 1804 honoribus.
1193 1761 1451 1805 auctoritate
1482 1761 1676 1804 florebat.
1710 1760 1763 1803 Et

81 1835 157 1879 illa
187 1851 259 1879 ars
290 1836 438 1893 Anyto
470 1852 642 1893 quoque
675 1851 757 1879 sua
785 1836 925 1892 gloria
950 1841 1056 1879 erat.
1086 1836 1194 1879 Ecce
1222 1841 1368 1880 autem
1398 1837 1530 1879 homo
1547 1836 1762 1885 sordidus,

83 1910 386 1968 philosophus,
433 1927 548 1955 unus
595 1920 672 1951 τῶν
709 1913 944 1964 ἀδολέσχων,
976 1912 1027 1954 de
1061 1912 1220 1969 quibus
1253 1915 1442 1968 Anytus,
1477 1912 1609 1954 homo
1641 1911 1763 1954 indu-

84 1986 217 2030 strius
249 1992 290 2030 et
321 1986 585 2036 laboriosus,
619 1986 688 2030 cui
721 1986 762 2029 in
797 2002 926 2042 opere
961 1986 1050 2030 vita
1076 1992 1182 2036 erat,
1207 2002 1378 2030 summo
1397 2003 1493 2030 cum
1513 1991 1763 2043 contemptu

83 2061 202 2119 loqui
249 2061 430 2111 solebat,
480 2062 694 2105 vocabulo
742 2062 855 2119 quod
904 2067 968 2105 est
1005 2062 1215 2106 coriarius
1247 2063 1381 2105 utitur
1413 2063 1539 2120 quasi
1573 2063 1763 2120 quodam

85 2136 302 2180 convicio!
346 2137 397 2179 Et
431 2137 546 2180 tilius
580 2137 701 2180 illum
739 2137 964 2181 sordidum
999 2137 1309 2194 philosophum
1342 2138 1592 2181 sectabatur
1623 2153 1765 2195 neque

84 2212 195 2268 patri
226 2211 268 2255 in
302 2211 397 2255 eius
430 2216 521 2255 arte
554 2213 785 2255 succedere
820 2213 1006 2256 volebat.
1039 2212 1279 2269 Corruptus
1313 2212 1442 2269 igitur
1474 2217 1566 2256 erat
1598 2213 1653 2256 ab
1690 2212 1765 2256 illo

86 2287 279 2331 Socrate.
324 2287 514 2344 Anytus,
562 2288 693 2330 homo
737 2292 980 2344 promptus,
1024 2303 1112 2331 rem
1146 2287 1366 2344 publicam
1399 2288 1581 2332 liberare
1615 2288 1766 2332 statuit

85 2362 162 2406 illa
216 2367 337 2419 peste
393 2378 505 2419 quae
560 2367 695 2406 totam
753 2363 1025 2406 iuventutem
1083 2364 1390 2420 corrumpebat
1446 2369 1487 2407 et
1542 2364 1763 2408 civitatem

86 2437 323 2481 evertebat.

148 2513 269 2556 Haec
300 2517 451 2556 nostra
480 2513 628 2569 opinio
660 2519 738 2557 est.

147 2588 258 2632 Aliis
295 2593 441 2632 autem
475 2589 593 2632 aliud
627 2589 810 2632 videtur.
845 2589 962 2632 Inter
991 2605 1101 2646 quos
1135 2589 1354 2633 maximus
1386 2590 1669 2634 adversarius
1701 2595 1766 2634 est

88 2664 316 2708 HENRICUS
348 2663 570 2708 MAmRiUs
601 2669 751 2707 contra
783 2680 911 2721 quem
947 2680 1023 2721 pro
1056 2664 1352 2723 Xenophonte
1387 2681 1482 2708 meo
1516 2666 1600 2709 iam
1635 2681 1766 2722 saepe

89 2745 129 2783 et
169 2740 367 2789 libenter,
417 2755 555 2796 neque
598 2739 692 2783 sine
735 2740 960 2796 voluptate
992 2740 1199 2797 quadam,
1234 2740 1440 2796 pugnavi.
1476 2740 1517 2783 Is
1552 2741 1646 2784 sine
1679 2740 1768 2784 ulla

90 2815 352 2860 verecundia
378 2816 519 2858 locum
547 2820 745 2858 nostrum
763 2816 1038 2865 condemnat,
1058 2815 1188 2858 nimis
1206 2831 1370 2864 severe,
1399 2816 1530 2868 nimis
1557 2816 1762 2873 superbe!

90 2891 194 2935 Sine
241 2891 332 2935 ulla
365 2891 627 2934 verecundia
657 2891 861 2948 inquam;
896 2891 970 2940 ita,
1005 2896 1045 2934 et
1077 2928 1126 2930 m
1150 2928 1215 2931 U*
1247 2891 1342 2934 sine
1375 2891 1463 2934 ullo
1496 2896 1766 2948 argumento.

90 2967 235 3024 Ipsius
267 2967 401 3010 verba
431 2967 540 3010 haec
573 2971 675 3010 sunt
706 2966 779 3009 l.l.
813 2967 923 3009 468:
