2019 3299
918 199 998 241 173

120 324 232 379 gruit
274 340 369 367 curn
416 324 546 366 verbo
581 325 737 374 νομίσαι
769 323 882 378 apud
916 321 1272 377 Aristophanem.
1306 321 1408 364 Toti
1442 321 1500 363 illi
1535 337 1629 363 cuni
1670 322 1799 377 Cory·

121 400 351 442 bantaruni
385 398 522 441 sacris
555 397 879 452 comparatione
913 397 1083 439 videtur
1114 397 1312 452 exemplo
1346 396 1482 439 fuisse
1500 395 1798 452 lepidissimus

118 475 240 517 locus
273 474 313 516 in
349 472 567 520 Nubibus.
596 472 668 515 ubi
697 471 986 527 Strepsffides,
1015 476 1251 527 antequam
1280 471 1321 513 in
1341 471 1655 523 meditaculnm
1675 471 1799 514 disci-

121 549 249 606 pulus
295 548 550 602 admittitur,
591 563 617 591 a
650 547 855 590 Socrates
890 546 931 588 in
960 546 1095 589 Sacro
1128 546 1321 589 Grabato
1352 547 1496 598 (vern:
1530 548 1586 589 de
1616 547 1800 601 Heiliye

120 625 267 675 Brits)
310 624 508 667 initiatur
552 623 913 680 philosophorum
958 622 1191 678 mysteriis,
1234 621 1297 664 Ibi
1339 636 1512 678 quoque
1545 621 1638 663 sine
1671 621 1801 663 dubio

120 700 228 744 ritus
259 700 330 743 ille
363 700 543 743 initialis
576 699 924 755 Corybantarum
957 697 1198 753 respicitur,
1233 696 1286 739 cf.
1320 696 1437 739 Nub.
1471 696 1579 739 254:

474 794 610 838 κάθιζε
644 793 778 830 τοίνυν
813 791 873 828 ἐπὶ
907 791 991 828 τὸν
1025 790 1171 839 ἱερὸν
1205 790 1480 838 σκίμποδα.

123 915 201 944 nec
235 915 319 943 non
354 899 471 942 Nub.
505 899 615 942 258:

563 999 658 1037 ἀλλὰ
691 1006 811 1038 ταῦτα
846 1000 973 1037 πάντα
1007 999 1098 1044 τοὺς
1131 997 1481 1047 τελουμένους

475 1074 586 1127 ’ἡμεῖς
620 1082 825 1125 ποιοῦμεν.

179 1183 309 1226 Talia
339 1187 486 1226 autem
519 1180 664 1225 deberi
698 1180 836 1224 solius
864 1179 1173 1236 Aristophanis
1200 1178 1542 1222 fecundissimae
1561 1179 1804 1222 inventioni

121 1263 252 1316 atque
294 1257 560 1313 cogitationi,
604 1272 744 1313 neque
785 1255 924 1312 ipsius
967 1254 1160 1298 Socratis
1198 1254 1312 1297 dicta
1344 1254 1398 1297 ab
1432 1259 1616 1311 utroque
1649 1254 1805 1311 respici

125 1334 232 1377 locis
272 1333 478 1382 laudatis,
521 1332 677 1376 melius
720 1332 905 1375 fortasse
948 1336 987 1374 et
1026 1330 1186 1374 clarius
1219 1329 1445 1387 apparebit
1477 1346 1528 1373 ex
1561 1331 1630 1374 his
1658 1331 1807 1374 simili-

125 1410 373 1454 tudinibus:

186 1485 302 1529 Nub.
336 1485 422 1528 226
453 1500 547 1541 sqq.
581 1484 784 1527 Socrates
817 1483 858 1525 in
893 1482 1100 1526 machina
1131 1497 1388 1539 suspensus,
1422 1482 1530 1525 alter
1562 1482 1807 1539 Euripides,

127 1561 291 1604 tumide
333 1560 493 1604 affatur
534 1559 774 1607 mortalem,
818 1573 1079 1602 asseverans
1113 1558 1154 1600 in
1189 1557 1366 1601 altiores
1398 1558 1598 1613 regiones
1631 1558 1809 1601 adscen-

128 1636 316 1679 dendum
350 1651 460 1685 esse,
494 1635 529 1678 si
563 1635 660 1691 quis
693 1651 760 1678 res
788 1630 997 1677 coelestes
1024 1638 1137 1676 recte
1169 1633 1455 1689 contemplari
1481 1638 1520 1676 et
1547 1649 1810 1689 cognoscere

131 1711 233 1755 velit
257 1712 298 1765 ¹).
340 1710 507 1754 Similis
550 1710 676 1753 nobis
718 1710 1029 1753 ostendebatur
1066 1709 1296 1765 Euripides
1327 1709 1518 1752 Acharn.
1550 1709 1650 1758 398,
1684 1708 1808 1751 cuius

129 1803 286 1844 corpus
328 1786 445 1830 domi
476 1790 581 1835 erat,
614 1786 737 1828 cuius
770 1800 893 1828 mens
928 1789 968 1827 et
1001 1784 1175 1828 animus
1208 1784 1250 1826 in
1283 1784 1547 1839 cogitatione
1580 1779 1808 1827 versantes

130 1863 236 1905 foris
267 1861 691 1905 circumvolitabant.

485 1971 503 2011 ὁ
538 1978 633 2018 νοῦς
665 1969 735 2021 μὲν
768 1971 838 2018 ἔξω
872 1970 1067 2022 ξυλλέγων
1099 1969 1265 2009 ἐπύλλια

485 2046 560 2086 οὐκ
586 2045 718 2095 ἔνδον,
749 2045 867 2092 αὐτὸς
899 2043 934 2084 δ’
972 2045 1089 2084 ἔνδον
1121 2044 1335 2097 ἀναβάδην
1369 2049 1478 2084 ποιεῖ

485 2123 718 2178 τραγῳδίαν.

193 2240 311 2282 Echo
357 2238 579 2295 quandam
626 2237 782 2280 horum
828 2236 1024 2279 locorum
1072 2234 1290 2291 percipere
1342 2234 1468 2277 nobis
1516 2234 1714 2278 videmur
1766 2234 1808 2277 in

135 2316 316 2359 Theaet.
353 2314 433 2357 173
452 2313 501 2363 E,
535 2312 609 2356 ubi
641 2312 931 2368 philosophus
968 2338 1017 2341 —
1053 2311 1071 2351 ὃ
1115 2312 1155 2350 ἐν
1199 2313 1418 2364 φιλοσοφίᾳ
1460 2312 1729 2362 τεθραμμένος
1761 2336 1810 2341 -

136 2390 370 2447 opponitur
401 2388 644 2433 causidico:
683 2397 732 2444 τῷ
767 2388 850 2428 ὄντι
882 2388 931 2427 τὸ
965 2382 1104 2437 σῶμά
1137 2389 1263 2437 μόνον
1296 2386 1346 2425 ἐν
1379 2393 1432 2441 τῇ
1464 2386 1611 2425 πόλει
1643 2390 1813 2425 κεῖται

136 2469 259 2507 αὐτοῦ
306 2467 372 2505 καὶ
418 2466 612 2516 ἐπιδημεῖ,
656 2462 680 2515 ἡ
724 2463 775 2503 δὲ
817 2465 1054 2513 διάνοια,
1092 2468 1212 2501 ταῦτα
1244 2462 1373 2500 πάντα
1405 2459 1636 2513 ’ἡγησαμένη
1670 2462 1813 2513 σμικρὰ

136 2543 201 2581 καὶ
232 2542 364 2591 οὐδέν,
395 2541 618 2591 ἀτιμάσασα
649 2546 829 2594 πανταχῇ
860 2539 1065 2577 πέτεται
1103 2537 1201 2576 κατὰ
1235 2538 1443 2587 Πίνδαρον
1475 2543 1599 2590 7,τὸισ
1641 2552 1685 2575 τε
1722 2544 1813 2589 γᾶς

138 2615 432 2668 ὑπένερθε”
483 2615 549 2655 καὶ
600 2615 645 2654 τὰ
695 2615 861 2654 ἐπίπεδα
912 2619 1199 2666 γεωμετροῦσα,
1254 2613 1511 2665 ηούρανοῦ
1563 2609 1605 2650 θ’
1656 2609 1813 2663 ὕπερ”

178 2789 204 2831 ¹)
232 2788 480 2823 Constet-antur
504 2786 614 2820 etiam
640 2797 720 2819 cum
747 2784 899 2818 ν55.228
911 2783 1012 2817 -234
1032 2794 1127 2826 quae
1148 2783 1323 2825 leguntur
1344 2781 1502 2815 Phaedr.
1522 2780 1812 2821 246‚notissimo

140 2851 230 2888 lot-o,
255 2849 319 2883 ubi
344 2848 450 2882 Plato
476 2846 748 2890 philosophice,
770 2845 826 2879 vel
847 2845 973 2891 potius
991 2844 1147 2888 poetice,
1169 2843 1296 2877 eadem
1312 2842 1521 2886 dicit,quae
1535 2842 1815 2886 Aristophanes

140 2910 284 2945 dixerat
316 2909 470 2947 comice;
502 2910 694 2951 praeterea
727 2906 797 2940 huc
826 2905 913 2940 facit
949 2904 1105 2939 Phaedr.
1129 2903 1195 2937 270
1208 2904 1251 2943 A,
1279 2903 1341 2937 ubi
1366 2903 1528 2944 legimus
1554 2903 1653 2936 unde
1678 2905 1710 2934 τὸ
1738 2907 1814 2943 ὑψη-

88 2965 91 2968 ’
139 2975 246 3004 λόγων
269 2971 493 3014 acquiratur.
