2019 3299
898 199 954 241 93

83 321 209 378 Apol.
245 321 315 364 24.
923 325 925 372 i

142 400 260 445 τούς
293 413 333 450 γε
366 397 443 447 μὴν
480 397 629 444 νέους
662 404 763 444 πῶς
806 396 855 435 ἂν

84 474 462 523 διαφθείροιμι
523 473 731 522 καρτερίαν
791 471 857 511 καὶ

81 548 276 587 εὐτέλειαν
307 548 577 597 προσεθίζωνς

139 696 303 739 Eadem
350 695 425 738 sed
472 695 610 738 aliter.
658 695 786 751 Apud
835 700 1065 752 utrumque
1113 696 1366 752 scriptorem
1417 698 1569 741 eadem
1619 698 1669 741 de
1717 715 1762 742 re

81 771 231 814 eadem
274 770 483 814 adverbia
522 770 718 813 adhibita
761 775 877 825 sunt,
916 770 1010 813 dico
1054 773 1157 822 ὅμως
1195 776 1326 828 atque
1354 781 1447 821 πῶς.
1481 772 1580 815 Non
1614 779 1759 817 autem

82 847 231 890 eodem
265 847 408 889 modo.

140 922 288 965 Pauca
318 920 448 977 igitur
478 922 529 964 de
561 921 628 964 his
664 921 889 964 vocabulis
922 921 1076 965 dicam.

139 997 268 1053 Apud
300 997 639 1054 Xenophontem
673 996 928 1040 adverbium
961 998 1076 1054 quod
1111 1003 1173 1040 est
1209 1000 1312 1049 ὅμως
1346 998 1411 1041 bis
1443 998 1613 1055 legitur.

141 1072 336 1129 Utroque
377 1072 471 1115 loco
513 1077 626 1115 recte
664 1087 709 1115 se
744 1072 888 1115 habet.
923 1071 1113 1115 Primum
1147 1072 1174 1127 ξ
1212 1074 1261 1116 15
1295 1073 1375 1116 hoc
1407 1074 1646 1130 significat:
1680 1077 1760 1119 etsi

79 1147 297 1204 Apollinis
353 1146 603 1191 testimonio
653 1162 748 1189 sum
794 1147 857 1189 vir
894 1146 1264 1203 sapientissimus,
1308 1148 1569 1204 liberrimus,
1618 1150 1759 1195 iustis·

77 1222 229 1272 simus,
277 1227 422 1266 tamen
470 1238 564 1279 ego,
612 1238 725 1271 reus,
770 1227 950 1279 paratus
984 1239 1081 1266 sum
1115 1224 1387 1279 argumentis
1420 1241 1441 1268 e
1476 1225 1567 1268 vita
1600 1226 1758 1282 petitis,

78 1298 205 1342 factis
237 1298 346 1342 meis
379 1297 786 1347 commemorandis,
821 1298 1122 1342 demonstrare
1156 1299 1289 1342 vitam
1324 1316 1465 1343 meam
1499 1303 1763 1358 respondere

81 1373 244 1417 oraculi
277 1390 503 1431 responso.
538 1374 701 1417 Deinde
734 1374 858 1429 §192
885 1389 1152 1431 quamquam
1184 1381 1358 1432 propter
1376 1376 1556 1420 virtutes
1585 1378 1757 1422 laudem

80 1448 187 1492 mihi
237 1449 384 1493 videor
429 1449 642 1494 meruisse
690 1455 729 1492 et
777 1450 892 1506 apud
925 1450 1029 1493 deos
1063 1456 1104 1493 et
1134 1452 1249 1506 apud
1284 1452 1498 1502 homines,
1532 1458 1678 1497 tamen
1713 1460 1758 1498 tu

78 1525 317 1572 contendis,
352 1540 433 1575 me,
470 1525 610 1568 virum
643 1525 788 1574 talem,
822 1525 1005 1568 iuvenes
1036 1528 1349 1583 corrumpere?

134 1601 264 1657 Apud
297 1600 525 1644 Platonem
558 1605 787 1644 contextus
821 1601 890 1644 hic
922 1606 1009 1644 est:

138 1675 183 1718 In
227 1676 588 1733 praecedentibus
630 1676 934 1733 paragraphis,
979 1693 1079 1720 reus
1112 1677 1266 1734 inquit,
1300 1678 1599 1723 demonstravi
1635 1681 1760 1725 valde

78 1751 327 1795 incredibile
361 1767 459 1795 esse
486 1751 630 1794 solum
660 1767 686 1795 a
712 1767 779 1795 me
808 1752 1040 1809 depravari
1065 1753 1261 1801 iuvenes,
1293 1754 1400 1797 nulli
1425 1760 1570 1798 autem
1590 1756 1756 1800 homini

76 1827 276 1884 expedire
310 1827 456 1871 vivere
487 1827 599 1871 inter
632 1827 786 1877 malos,
821 1843 906 1871 non
940 1843 1042 1885 ergo
1076 1845 1143 1872 me
1176 1830 1227 1872 de
1255 1831 1454 1874 consulto
1483 1847 1758 1889 corrumpere

76 1902 288 1950 homines,
339 1907 378 1946 et
424 1918 691 1960 quamquam
739 1919 790 1946 ex
823 1919 873 1947 eo
910 1905 1151 1961 apparebat
1192 1906 1473 1950 manifestam
1507 1923 1604 1951 esse
1635 1913 1756 1952 tuam

75 1994 218 2021 rerum
267 1978 497 2028 inscitiam,
546 1978 833 2022 nihilominus
880 1980 946 2022 dic
993 1980 1099 2023 mihi
1152 1982 1369 2037 quomodo
1418 1982 1599 2026 iuvenes
1632 1999 1658 2028 a
1689 2000 1757 2028 me

76 2059 424 2111 corrumpantur.

133 2129 347 2173 Differunt
395 2130 508 2173 inter
552 2147 599 2174 se
648 2131 782 2174 nostri
830 2131 1078 2188 scriptores.
1129 2132 1369 2176 Contextus
1404 2150 1488 2177 non
1524 2140 1590 2178 est
1627 2135 1754 2179 idem.

74 2204 238 2256 Quodsi
290 2206 402 2249 hanc
454 2206 650 2250 Socratis
702 2207 915 2250 Platonici
968 2208 1393 2263 argumentationem
1450 2210 1595 2254 fictam
1659 2227 1755 2255 esse

73 2281 313 2338 apparebit,
371 2297 456 2325 non
515 2282 813 2326 dubitabimus
871 2283 974 2340 quin
1030 2283 1236 2327 Socrates
1285 2285 1366 2327 hoc
1413 2285 1621 2329 adverbio
1669 2303 1754 2330 non

73 2372 124 2399 eo
158 2357 300 2406 modo,
349 2373 433 2399 non
481 2373 531 2400 eo
579 2362 784 2401 contextu
832 2374 939 2402 usus
980 2358 1050 2407 sit,
1096 2364 1138 2402 et
1179 2360 1494 2404 arbitrabimur
1525 2360 1753 2405 Platonem

72 2436 146 2475 aut
186 2431 496 2489 Xenophontis
545 2433 687 2476 verbis
735 2438 809 2476 aut
853 2433 990 2489 ipsius
1036 2434 1233 2477 Socratis
1275 2434 1423 2483 libere,
1468 2441 1512 2479 ut
1557 2442 1619 2480 est
1659 2437 1753 2481 eius

72 2522 182 2557 mos,
208 2507 284 2551 uti.

129 2582 254 2633 Quod
288 2583 441 2626 attinet
475 2584 528 2627 ad
565 2584 828 2627 vocabulum
851 2593 939 2632 τῶς,
958 2585 1038 2628 hoc
1058 2590 1227 2629 tantum
1247 2588 1447 2635 observo,
1468 2588 1586 2644 apud
1606 2587 1750 2631 Xeno-

72 2658 277 2714 phontem
305 2658 411 2702 illud
439 2675 664 2702 occurrere
692 2659 731 2702 in
764 2663 1136 2715 interrogatione
1156 2663 1403 2716 rhetorica,
1421 2678 1554 2719 quam
1577 2669 1747 2712 vocant,

69 2738 220 2776 contra
246 2734 361 2790 apud
386 2734 611 2777 Platonem
626 2738 900 2789 percontari
922 2751 1045 2778 reum
1065 2741 1366 2780 accusatorem
1385 2738 1437 2780 de
1457 2738 1538 2782 hac
1556 2739 1752 2782 criminis

69 2808 305 2865 impietatis
353 2814 486 2866 parte.
537 2810 632 2853 Hoc
680 2810 879 2853 nonnihil
926 2811 1140 2868 displicet.
1183 2812 1357 2855 Etenim
1401 2819 1499 2869 post
1531 2815 1752 2857 orationes

67 2884 416 2928 adversariorum
460 2901 581 2928 reum
626 2887 818 2929 nondum
860 2886 970 2929 scire
1012 2887 1113 2944 quid
1152 2888 1235 2930 sibi
1272 2888 1373 2931 velit
1406 2889 1480 2932 illa
1513 2890 1749 2940 accusatio,

70 2959 195 3002 nobis
230 2960 354 3003 valde
386 2961 631 3004 mirandum
668 2962 835 3005 videtur
866 2962 953 3013 (vid
992 2962 1137 3015 infra).
