2019 3299
1032 177 1089 219 98

190 320 192 324 ·
220 304 432 353 ζόμενοι
480 302 565 352 ἐμοὶ
612 300 850 354 ὀργίζονται,
890 297 967 339 ἀλλ’
1014 301 1085 351 οὐχ
1118 299 1268 350 αὐτοῖς,
1298 299 1363 338 καὶ
1395 300 1580 352 λέγουσιν
1613 299 1664 348 ὡς
1695 302 1912 352 Σωκράτης

219 380 274 425 τίς
321 378 399 417 ἐστι
447 379 690 428 μιαρώτατος
737 376 801 414 καὶ
850 376 1080 425 διαφθείρει
1121 376 1213 422 τοὺς
1246 374 1362 422 νέους
1439 410 1545 413 ἠ
1599 375 1701 414 4καὶ
1733 376 1778 415 τὰ
1810 375 1910 414 κατὰ

218 455 380 492 πάντων
428 461 504 492 τῶν
551 453 887 501 φιλοσοφούντων
934 452 1121 502 πρόχειρα
1168 457 1290 490 ταῦτα
1338 450 1535 502 λέγουσιν,
1574 451 1629 490 ὅτι
1662 451 1707 490 τὰ
1740 451 1912 502 μετέωρα

219 529 285 567 καὶ
332 529 376 567 τὰ
423 528 502 567 ὑπὸ
547 535 632 580 γῆς,
673 527 738 566 καὶ
785 527 908 574 θεοὺς
951 527 1003 577 μὴ
1048 528 1236 577 νομίζειν,
1271 527 1336 566 καὶ
1369 527 1435 566 τὸν
1467 527 1567 578 ἥττω
1599 527 1718 579 λόγον
1750 530 1908 577 κρείττω

219 609 358 643 ποιεῖν.
408 602 502 645 Hoc
549 602 644 645 loco
692 601 948 658 depravatio
999 606 1199 645 versatur
1246 601 1288 644 in
1324 617 1533 658 perversa
1565 602 1838 646 institutione
1870 607 1911 646 et

220 677 493 722 educatione.
522 677 766 734 Impietatis
793 677 955 720 crimen
987 692 1101 719 nunc
1129 676 1327 720 additum
1353 682 1431 727 est,
1451 677 1566 734 quod
1586 677 1691 721 illud
1711 683 1802 722 erat
1818 694 1909 735 per-

221 754 447 810 vulgatum
480 757 521 797 et
555 753 685 809 vulgo
713 768 739 796 a
765 752 944 796 comicis
968 752 1242 796 obiciebatur
1262 752 1550 809 philosophis.
1580 752 1626 796 In
1646 753 1746 797 ficta
1762 758 1908 797 autem

219 829 500 873 accusatione
528 844 614 871 non
643 828 899 871 occurrebat
930 828 981 870 19
1005 827 1050 870 Β.
1074 827 1307 870 Antecedit
1335 831 1562 883 praeterea
1579 827 1654 871 illa
1671 829 1909 883 exploratio

221 905 464 954 hominum,
491 920 579 962 qua
604 905 645 947 in
677 904 905 947 hominum
923 906 1218 958 sapientiam
1237 904 1498 960 inquirebat.
1519 903 1583 947 Ea
1601 908 1762 954 autem,
1783 904 1845 948 sic
1862 909 1908 948 ut

219 985 357 1024 totum
386 980 677 1024 ministerium
706 979 787 1029 dei,
816 979 931 1036 apud
958 978 1188 1022 Platonem
1217 978 1414 1022 Socratis
1431 982 1591 1035 παιδείᾳ
1608 980 1806 1023 obtentui
1828 986 1908 1024 est.

222 1056 394 1100 Etenim
428 1056 541 1100 falso
573 1056 778 1100 Socrates
810 1055 1063 1099 Platonicus
1096 1071 1271 1098 omnem
1297 1055 1616 1099 institutionem
1644 1056 1907 1100 dissimulat.

282 1207 400 1251 Alibi
437 1223 611 1264 quoque
643 1207 697 1250 37
732 1206 764 1250 C
785 1207 833 1249 D.
867 1206 1015 1250 odium
1047 1206 1089 1249 in
1123 1206 1348 1250 Socratem
1380 1205 1494 1249 idem
1529 1211 1593 1250 est
1624 1207 1738 1264 quod
1758 1207 1904 1251 odium

221 1284 264 1327 in
307 1283 402 1326 eius
445 1282 658 1339 dialogos,
703 1282 864 1340 quibus
907 1298 982 1339 per
1029 1281 1277 1325 euristicam
1313 1281 1565 1325 methodum
1600 1282 1783 1327 iuvenes
1816 1299 1906 1340 per-

223 1375 352 1403 versa
399 1358 658 1402 educatione
706 1359 902 1401 doceret:
952 1359 1064 1409 ὑμεῖς
1099 1357 1170 1408 μὲν
1208 1357 1317 1405 ὄντες
1358 1360 1517 1398 πολῖταί
1546 1374 1623 1409 μου
1656 1360 1728 1411 οὐχ
1761 1356 1906 1400 οἷοίτε

222 1436 407 1488 ἐγένεσθε
447 1436 620 1488 ἐνεγκεῖν
662 1435 746 1482 τὰς
789 1435 909 1486 ἐμὰς
954 1434 1218 1487 διατριβὰς
1266 1433 1498 1481 καὶτοὺς
1531 1435 1732 1488 λόγους,
1764 1450 1905 1493 neque

223 1509 265 1553 in
315 1509 416 1554 aliis
463 1509 719 1566 regionibus
768 1509 970 1552 homines
1016 1508 1169 1552 ferent.
1219 1508 1387 1552 Tamen
1432 1505 1475 1549 εὖ
1523 1506 1596 1550 οῖὸ’
1630 1509 1701 1561 ὃτι,
1732 1512 1825 1552 ὅποι
1856 1512 1905 1551 ἂν

220 1587 340 1637 ἔλθω,
380 1587 561 1639 λέγοντος
608 1586 705 1638 ἐμοῦ
754 1585 1021 1637 ἀκροάσονται
1070 1587 1107 1625 οῖ
1154 1585 1235 1624 νέοι
1282 1585 1412 1635 ὥσπερ
1459 1584 1618 1625 ἐνθάδε.
1668 1585 1907 1630 Dialectici}

221 1662 415 1707 Socratis
448 1667 541 1707 arte
573 1663 760 1706 iuvenes
794 1661 853 1705 ibi
880 1677 1055 1719 quoque
1087 1662 1445 1718 corrumpentur!

279 1815 512 1858 Praeterea
543 1815 636 1871 ipse
670 1814 795 1858 Plato
828 1813 870 1856 in
905 1814 1001 1871 ipsa
1033 1813 1288 1857 defensione
1320 1813 1551 1856 criminum
1586 1812 1663 1868 (24.
1681 1813 1835 1857 B—26
1852 1814 1906 1867 A)

220 1906 299 1934 nos
345 1890 459 1946 cogit
505 1890 708 1934 arbitrari
755 1889 917 1933 crimen
966 1889 1240 1944 corruptelae
1286 1904 1381 1933 non
1416 1892 1621 1944 pendere
1652 1903 1674 1932 e
1705 1891 1905 1934 crimine

219 1969 499 2021 impietatis.

279 2043 387 2086 24E
431 2042 640 2098 legimus:
690 2044 771 2082 οἵδε
804 2044 896 2090 τοὺς
940 2042 1054 2089 νέους
1082 2044 1358 2082 παιδεύειν
1392 2043 1471 2081 οἵοί
1509 2042 1547 2081 τὲ
1589 2042 1688 2081 εἰσιν
1720 2042 1784 2081 καὶ
1817 2044 1903 2094 βελ-

217 2121 324 2167 τίους
373 2126 581 2167 ποιοῦσιν;
630 2117 873 2161 Confitetur
921 2116 1107 2160 Meletus
1140 2116 1376 2160 identidem
1403 2118 1697 2173 interrogatus
1725 2116 1903 2171 iudices,

206 2180 456 2243 auditores,
497 2209 651 2237 omnes
693 2193 991 2236 Athenienses
1033 2192 1214 2235 iuvenes
1261 2192 1465 2235 meliores
1496 2192 1688 2235 reddere.
1728 2191 1906 2235 Praeter

220 2270 466 2313 Socratem!
508 2269 585 2312 Ille
626 2269 747 2312 solus
789 2284 865 2312 eos
896 2268 1148 2325 corrumpit.
1186 2268 1391 2312 Socrates
1423 2267 1522 2312 aliis
1553 2267 1903 2311 Atheniensibus

218 2346 454 2404 opponitur
498 2346 640 2390 verbis
685 2362 797 2403 quae
831 2345 961 2402 plena
1007 2350 1112 2389 sunt
1143 2345 1324 2388 ironiae.
1358 2345 1431 2388 Sic
1462 2345 1587 2388 Plato
1620 2360 1709 2387 rem
1744 2344 1796 2387 ad
1829 2344 1901 2387 ab·

217 2423 397 2466 surdum
432 2422 643 2465 deducere
676 2421 759 2464 sibi
791 2420 972 2464 videtur.
1007 2420 1171 2464 Deinde
1204 2421 1407 2464 Socrates
1435 2421 1622 2464 affirmat
1638 2435 1714 2463 eos
1731 2424 1900 2463 tantum

219 2498 292 2556 qui
340 2498 401 2541 rei
450 2497 574 2555 periti
622 2502 737 2544 sunt.
787 2493 877 2540 rem
925 2496 1145 2552 cognitam
1190 2496 1366 2545 habent,
1403 2496 1589 2539 educare
1621 2510 1764 2552 posse.
1800 2495 1899 2537 Non

219 2578 361 2630 potest
397 2561 447 2623 is,
480 2573 555 2631 qui
587 2575 747 2621 ἱππικός
779 2588 866 2615 non
901 2577 979 2621 est,
1014 2571 1138 2628 equis
1171 2571 1246 2614 uti.
1282 2571 1348 2615 Ita
1380 2587 1553 2629 quoque
1582 2570 1618 2613 is
1651 2571 1808 2620 solum,
1827 2569 1900 2627 qui

217 2649 349 2692 habet
381 2649 647 2700 ἀνθρωπίνην
680 2651 842 2698 σοφίαν,
876 2647 1059 2690 iuvenes
1085 2647 1270 2690 educare
1299 2651 1456 2703 potest.
1487 2646 1631 2689 Huius
1657 2645 1900 2702 sapientiae

219 2729 366 2767 autem
400 2723 605 2767 Socrates
643 2723 726 2766 sibi
759 2722 963 2766 conscius
994 2726 1100 2772 erat,
1133 2722 1190 2765 20
1211 2721 1246 2764 D
1272 2722 1344 2775 ἐγὼ
1371 2718 1505 2774 γάρ,ὦ
1524 2723 1666 2773 ἄνδρες
1686 2725 1903 2772 Ἀθηναῖοι,

220 2797 264 2839 δι’
317 2799 435 2839 οὐδὲν
482 2799 558 2839 ἀλλ’
611 2799 636 2851 ἢ
683 2800 749 2839 διὰ
797 2801 945 2848 σοφίαν
993 2800 1080 2838 τινὰ
1122 2805 1237 2837 τοῦτο
1279 2798 1320 2836 τὸ
1355 2797 1480 2848 ὄνομα
1512 2797 1667 2848 ἔσχηκα.
1698 2798 1820 2835 ποίαν
1851 2795 1899 2846 δὴ

219 2876 365 2925 σοφίαν
407 2876 576 2925 tautum
616 2876 715 2926 Γἤπερ
756 2875 858 2914 ἐστὶν
894 2876 986 2921 ἴσως
1019 2874 1259 2923 ἀνθρωπίνη
1292 2875 1425 2923 σοφία.
1459 2881 1509 2927 τῷ
1543 2872 1626 2912 ὄντι
1657 2872 1731 2924 γὰρ
1763 2873 1899 2911 κινδυ-

222 2952 322 2990 νεύω
354 2952 501 3001 ταύτην
533 2947 633 2988 εἶναι
665 2951 802 2998 σοφός.
