2019 3299
902 221 982 262 169

99 347 138 386 et
185 343 464 387 damnatione
512 343 693 400 opponit
740 343 982 387 sententiae
1030 343 1232 391 iudicum,
1291 343 1317 385 i.
1351 358 1386 384 e.
1428 339 1777 384 Atheniensium.

99 417 344 475 Utcumque
387 434 457 462 res
499 435 544 462 se
586 419 731 467 habet,
774 418 955 461 Platone
993 418 1132 461 iudice
1168 419 1306 461 victus
1340 417 1380 459 in
1415 421 1628 472 prytaneo
1658 430 1778 471 prae-

99 493 234 536 mium
277 498 318 536 et
358 493 498 536 honos
540 498 645 543 erat,
689 493 762 550 qui
805 492 974 536 Socrati
1007 493 1257 536 debebatur.
1292 492 1359 535 Ne
1397 492 1479 534 hoc
1510 490 1684 547 quidem
1719 489 1779 532 in-

100 573 276 612 ventum
315 584 478 612 novum
521 568 662 624 ipsius
699 568 897 611 Platonis
930 567 1068 611 fuisse
1102 568 1176 610 sed
1210 567 1247 610 ei
1279 583 1305 610 a
1337 567 1502 609 comico
1535 564 1778 608 subiectum

98 659 194 686 esse
241 644 452 700 suspicor.
504 643 661 700 Utique
710 643 1032 700 Aristophanes
1075 642 1313 692 Cratinum,
1358 646 1398 684 et
1440 641 1582 698 ipsum
1618 656 1779 689 senem,

98 717 160 761 sic
198 723 243 762 ut
274 718 491 768 Socrates,
526 719 773 775 optimeque
807 719 857 761 de
890 718 1065 761 civitate
1098 717 1436 760 Atheniensium
1469 715 1686 765 meritum,
1720 715 1782 758 sic

101 797 146 835 ut
177 793 394 848 Socrates⁷
428 793 504 837 tali
539 794 702 837 honore
735 793 915 849 dignum
951 793 1170 836 iudicabat
1204 791 1384 848 Equites
1417 793 1515 834 535.
1549 790 1612 833 Eo
1640 790 1781 846 magis

99 872 246 911 autem
278 869 470 912 adducor
503 874 547 912 ut
580 869 693 912 hanc
726 868 1022 925 suspicionem
1060 867 1289 924 proferam,
1328 867 1443 923 quod
1477 866 1710 909 identidem
1740 865 1781 908 in

99 931 331 1000 Equitibus
376 944 525 987 fabula
566 943 895 987 sanctissimum
945 943 1050 986 illud
1092 942 1377 985 coenaculum
1420 941 1670 984 nominatur
1703 941 1784 992 vel,

99 1018 213 1075 quod
247 1019 398 1062 eodem
431 1019 552 1072 redit,
586 1019 763 1068 ridetur,
794 1018 872 1075 Eq.
908 1019 1002 1067 167,
1031 1019 1130 1066 281,
1160 1018 1259 1067 410,
1288 1018 1388 1066 575,
1416 1017 1514 1066 702,
1535 1016 1780 1065 709,1409‚

100 1093 202 1136 item
235 1094 389 1137 Ranae
423 1095 520 1138 764.

156 1169 356 1212 Concedo
399 1185 477 1212 nos
520 1169 589 1212 hic
633 1169 796 1212 versari
840 1169 880 1211 iu
926 1185 970 1211 re
1004 1168 1239 1211 admodum
1274 1167 1441 1210 lubrica
1474 1173 1515 1209 et
1547 1167 1781 1210 admodum

97 1244 305 1288 incertam
333 1261 429 1288 esse
455 1245 567 1288 hanc
594 1244 906 1301 suspicionem.
925 1243 1095 1287 Tamen
1125 1243 1250 1286 nohis
1278 1258 1436 1299 operae
1467 1242 1650 1298 pretium
1685 1258 1782 1285 esse

99 1319 326 1364 videbatur
356 1335 452 1363 eam
487 1320 527 1362 in
562 1320 751 1363 medium
787 1319 994 1374 proferre.
1047 1319 1049 1322 ’

156 1395 302 1439 Aliam
351 1396 393 1439 in
440 1396 567 1452 Apol.
614 1396 724 1439 Plat.
779 1394 1068 1438 imitationem
1113 1394 1363 1437 SCHANzius
1406 1393 1688 1449 deprehendit
1729 1393 1782 1436 cf.

98 1470 176 1514 Ed.
218 1471 344 1526 Apol.
387 1487 484 1527 pag.
526 1472 586 1520 ¹6,
620 1474 690 1514 95.
725 1470 988 1528 Suspicatur
1020 1470 1264 1518 Platonem,
1298 1484 1394 1512 cum
1430 1473 1575 1524 partes
1607 1484 1783 1512 accusa-

98 1546 228 1589 tionis
274 1546 482 1590 divideret
530 1547 640 1589 inter
686 1550 773 1589 tres
820 1550 1102 1589 accusatores
1148 1545 1203 1588 23
1222 1544 1286 1593 E.‚
1334 1544 1552 1587 imitatum
1600 1560 1696 1588 esse
1744 1549 1784 1587 et

97 1627 295 1665 secutum
344 1622 700 1678 Aristophanem,
751 1621 824 1678 qui
873 1621 914 1664 in
963 1620 1190 1664 comoedia
1231 1620 1299 1663 cui
1340 1620 1494 1663 titulus
1527 1619 1783 1676 Gerytades,

96 1702 185 1741 tres
230 1697 399 1753 legatos
446 1698 499 1741 ad
547 1696 713 1741 inferos
760 1697 1076 1740 descendentes
1119 1696 1360 1745 induxerat,
1405 1695 1516 1739 inter
1547 1711 1659 1752 quos
1692 1695 1784 1752 ipse

97 1771 240 1816 fuerat
272 1771 473 1816 Meletus.

154 1922 207 1965 II.
241 1922 287 1965 In
326 1922 602 1980 Euthydemo
636 1923 775 1967 multa
806 1923 1020 1966 comicum
1051 1923 1260 1966 redolent.
1290 1922 1353 1965 Ex
1383 1922 1436 1965 iis
1462 1922 1598 1966 affero
1625 1922 1807 1984 locum,'

32 2009 34 2012 ·
96 1997 170 2041 ubi
212 1997 415 2041 Socrates
456 2004 593 2042 semet
636 1999 727 2055 ipse
766 1998 897 2042 tradit
929 1998 1213 2042 erudiendum
1249 1998 1421 2041 duobus
1454 1997 1678 2060 sophistis,
1712 1998 1785 2055 qui

96 2073 480 2130 praestigiatorum
513 2073 554 2116 in
590 2074 765 2117 modum
795 2074 1014 2117 mirabilia
1041 2073 1229 2117 efficiunt
1258 2079 1298 2116 et
1326 2073 1567 2116 mirimodis
1585 2073 1785 2117 homines

96 2165 117 2191 e
160 2148 287 2192 malis
319 2149 361 2191 in
395 2149 533 2192 bonos
565 2149 881 2193 transformare
913 2155 1113 2206 possunt,
1149 2149 1307 2192 velutsi
1339 2148 1436 2205 ipsa
1466 2148 1621 2193 Medea
1653 2149 1785 2205 magi-

99 2239 194 2267 cam
237 2240 362 2267 suam
405 2229 542 2267 artem
580 2224 665 2268 illis
702 2224 968 2274 tradidisset,
1002 2224 1215 2268 285CD:
1249 2227 1281 2265 εἰ
1314 2225 1355 2264 δὲ
1387 2225 1497 2276 ὑμεῖς
1531 2226 1571 2264 οἵ
1599 2226 1682 2265 νέοι
1711 2242 1785 2275 φο-

94 2302 244 2352 βεῖσθε,
289 2301 417 2352 ὥσπερ
459 2301 500 2340 ἐν
546 2301 647 2353 Καρὶ
693 2302 734 2341 ἐν
781 2301 866 2352 ἐμοὶ
913 2303 1009 2341 ἔστω
1051 2301 1070 2340 ὁ
1114 2303 1315 2349 κίνδυνος·
1348 2301 1399 2348 ὡς
1432 2301 1520 2353 ἐγώ,
1553 2301 1688 2351 ἐπειδὴ
1720 2301 1786 2340 καὶ

97 2377 386 2427 πρεσβύτης
433 2377 524 2427 εἰμί,
573 2378 1069 2428 παρακινδυνεύειν
1126 2376 1280 2428 ἕτοιμος
1333 2376 1398 2415 καὶ
1449 2378 1786 2427 παραδίδωμι

97 2450 267 2501 ἐμαυτὸν
309 2453 600 2508 Διονυσοδώρῳ
633 2454 758 2508 τούτῳ
791 2453 920 2503 ὥσπερ
954 2460 998 2507 τῇ
1032 2453 1198 2506 Μηδείᾳ
1231 2460 1276 2507 τῇ
1310 2453 1458 2507 Κόλχῳ.
1491 2451 1696 2491 ἀπολλύτω
1729 2467 1789 2502 με,

98 2525 178 2575 καὶ,
223 2526 255 2565 εἰ
302 2525 372 2576 μὲν
419 2528 613 2578 βούλεται,
659 2527 843 2576 ἑψέτω,
879 2529 912 2566 εἰ
955 2525 1008 2576 δ’,
1050 2528 1127 2566 ὅτι
1169 2528 1440 2579 βούλεται,
1471 2534 1584 2566 τοῦτο
1617 2528 1787 2566 ποιείτω·

99 2602 257 2650 μόνον
289 2602 454 2652 χρηστὸν
486 2601 745 2652 ἀποφηνάτω.
786 2601 923 2645 Cuius
951 2602 1198 2658 exemplum
1225 2600 1459 2657 Ctesippus
1478 2600 1645 2644 fortiter
1663 2601 1785 2658 sequi

102 2674 214 2717 velle
261 2690 307 2717 se
355 2675 565 2724 declax-au
605 2675 706 2730 Ἐγὼ
748 2678 833 2729 μέν,
874 2679 964 2729 ἔφη,
1005 2677 1071 2717 καὶ
1102 2678 1234 2727 αὐτός,
1267 2673 1296 2716 ὦ
1327 2679 1549 2728 Σώκρατες,
1580 2677 1785 2728 ἕτοιμός

99 2752 201 2802 εἶμι
233 2751 484 2803 παρέχειν
517 2753 741 2803 ἐμαυτὸν
774 2758 854 2801 τοῖς
886 2753 1029 2803 ξένοις,
1059 2752 1124 2791 καὶ
1158 2752 1227 2792 ἐὰν
1259 2753 1484 2804 βούλωνται
1519 2752 1693 2805 δέρειν
1734 2753 1786 2792 ἔτι

97 2830 246 2877 μᾶλλον
286 2825 311 2878 ἢ
343 2833 419 2866 νῦν
452 2827 651 2879 δέρουσιν,
682 2829 721 2868 εἴ
747 2844 813 2879 μοι
844 2827 869 2879 ἡ
904 2829 1003 2879 δορὰ
1035 2828 1086 2878 μὴ
1120 2829 1173 2875 εἷς
1205 2827 1367 2866 ἀσκὸν
1400 2828 1629 2878 τελευτήσει,
1658 2828 1786 2876 ὥσπερ

99 2899 123 2952 ἡ
155 2908 224 2940 τοῦ
260 2903 476 2953 Μαρσύου,
505 2900 582 2941 ἀλλ’
618 2904 672 2950 εἰς
705 2903 860 2953 ἀρετήν.

162 2974 420 3032 Unicuique,
453 2975 521 3019 cui
548 2976 859 3034 Aristophanis
889 2977 1042 3020 Nubes
1070 2976 1245 3032 ignotae
1272 2992 1357 3019 non
1386 2976 1486 3025 sint,
1506 2976 1785 3032 taliaslegenli
