2019 3299
873 190 948 232 121

127 315 371 366 Quominus
419 319 563 358 autem
611 328 841 357 sumamus
879 313 1220 370 Xenophontem
1269 330 1321 358 ex
1363 315 1491 371 Apol.
1527 314 1752 357 Platonica

70 406 226 434 nomen
269 389 516 434 Palamedis
558 389 600 432 in
644 404 771 432 suum
810 404 920 445 opus
961 389 1253 437 transtulisse,
1300 406 1378 433 nos
1420 390 1638 446 permulta
1673 388 1748 433 im-

72 466 266 523 pediunt.

126 541 318 584 Primum
366 540 480 584 aliae
533 544 635 583 sunt
683 540 927 596 permultae
975 539 1302 589 similitudines,
1337 541 1388 583 de
1425 540 1585 597 quibus
1618 556 1751 597 supra

68 616 392 673 disputavimus
439 620 479 658 et
525 630 576 658 ex
624 614 785 671 quibus
828 614 935 657 fides
977 614 1189 657 historica
1231 614 1540 672 Xenophontis
1582 615 1751 658 elucere

70 691 196 735 nobis
239 690 477 734 videbatur.
520 690 673 747 Neque
710 689 825 732 enim
858 689 1098 745 separatim
1136 690 1300 733 similia
1331 696 1371 733 et
1404 690 1639 733 dissimilia
1669 689 1751 732 dis-

69 766 263 824 putanda
295 771 409 809 sunt.
447 765 609 808 Deinde
642 765 855 808 miramur
888 764 1227 821 Xenophontem
1253 780 1338 807 non
1359 770 1398 808 et
1417 765 1595 808 Aiacem
1617 767 1753 809 nomi-

69 842 268 897 navisse;
316 846 408 884 tum
456 845 625 897 praeter
670 854 829 882 nomen
876 839 918 882 in
964 839 1183 896 Apologia
1229 839 1476 897 Xenophon
1512 841 1619 883 nihil
1653 857 1751 884 cum

66 917 250 960 Platone
291 931 522 959 commune
546 910 707 959 habet.
744 914 984 958 Contextus
1019 930 1105 957 non
1138 914 1251 958 idem
1284 920 1363 958 est.
1397 915 1483 958 Aut
1518 931 1571 958 ea
1602 916 1753 959 omnia

66 991 384 1048 excogitavisse
417 995 456 1034 et
487 990 667 1033 finxisse
696 989 942 1047 Xenophon
971 990 1193 1046 putandus
1221 995 1299 1039 est,
1331 993 1416 1034 aut
1441 993 1540 1045 ipsi
1563 1005 1620 1034 ew
1647 994 1753 1035 suis

67 1068 338 1112 auctoribus
374 1068 512 1109 aliter
552 1069 592 1108 et
634 1067 806 1109 melius
837 1066 977 1108 verba
1006 1067 1302 1120 defensionis
1334 1067 1374 1108 et
1405 1080 1496 1114 res,
1526 1069 1752 1121 quomodo

65 1146 223 1200 yestae
267 1144 432 1188 essent,
480 1143 802 1185 innotuerunt.
846 1139 944 1183 Nisi
979 1140 1092 1183 forte>
1122 1140 1275 1184 tertius
1309 1141 1494 1197 scriptor
1526 1141 1752 1198 utriusque

66 1219 165 1262 fons
197 1217 291 1265 fuit,
324 1217 440 1274 quod
473 1221 620 1260 autem
654 1216 801 1259 statim
834 1215 980 1259 reicio.
1014 1215 1076 1258 De
1107 1215 1307 1259 consulto
1341 1216 1458 1259 enim
1482 1215 1751 1273 Xenophon-

66 1300 152 1338 tem
196 1292 357 1342 omnia,
401 1307 514 1349 quae
556 1306 608 1334 ex
653 1291 930 1347 Hermogene
976 1290 1141 1347 accepit
1178 1307 1379 1348 quaeque
1412 1292 1506 1335 sine
1540 1292 1628 1335 ullo
1662 1308 1750 1335 ver-

66 1369 220 1412 borum
279 1373 435 1411 ornatu
481 1367 672 1417 tradidit,
722 1366 955 1410 mentitum
1004 1382 1101 1410 esse
1149 1371 1190 1409 et
1237 1382 1288 1409 ex
1335 1367 1434 1410 aliis
1467 1367 1752 1424 scriptoribus

65 1444 257 1488 furatum
291 1459 387 1487 esse
419 1443 591 1486 credere
628 1458 713 1486 non
749 1457 945 1499 possum.
978 1441 1160 1485 Nullam
1194 1442 1309 1485 enim
1338 1458 1516 1486 causam
1535 1443 1752 1487 scribendi

64 1519 279 1563 eiusmodi
326 1518 474 1575 scripti
509 1518 651 1568 video,
700 1517 783 1560 nisi
823 1517 939 1574 quod
980 1517 1122 1560 lucem
1157 1517 1312 1561 afferre
1346 1517 1400 1560 X.
1436 1518 1571 1561 voluit
1604 1518 1665 1561 rei
1697 1519 1752 1562 ab

64 1595 163 1639 aliis
195 1594 480 1651 scriptoribus
514 1610 599 1638 non
634 1595 743 1638 satis
777 1594 1022 1637 illustratae
1056 1610 1115 1637 sc.
1150 1602 1194 1649 τῇ
1226 1576 1503 1649 μεγαληῷορίᾳ.

124 1671 249 1715 Plato
278 1675 422 1714 autem
452 1674 543 1714 erat
571 1670 645 1727 qui
664 1669 862 1713 fabulam
881 1669 1185 1726 componebat.
1205 1669 1451 1726 Xenophon
1472 1670 1608 1714 relata
1626 1671 1754 1713 refert

66 1746 160 1789 suis
185 1747 438 1791 auctoribus
472 1747 624 1790 fretus.
660 1747 759 1790 Non
792 1746 1048 1790 dubitamus
1082 1745 1213 1802 igitur
1244 1745 1349 1803 quin
1382 1746 1433 1795 is,
1467 1746 1541 1803 qui
1572 1746 1752 1790 liberius

65 1820 251 1877 scripsit,
283 1812 465 1866 alterius
495 1822 670 1878 scriptis
706 1821 834 1879 quasi
871 1821 1042 1865 idoneis
1071 1820 1270 1864 fontibus
1304 1836 1412 1864 usus
1445 1821 1513 1864 sit.

123 1895 342 1947 Quoniam
375 1901 521 1940 autem
551 1897 659 1940 haec
687 1901 839 1939 nostra
869 1895 1062 1953 suspicio
1096 1912 1194 1940 cum
1223 1895 1322 1939 aliis
1350 1896 1499 1940 multis
1527 1898 1754 1941 tractanda

66 1977 132 2016 est
162 1978 203 2016 et
242 1973 419 2030 attingit
450 1973 756 2030 quaestionem
786 1989 898 2030 quae
932 1973 1022 2029 agit
1051 1974 1103 2016 de
1135 1973 1303 2017 ratione
1330 1989 1443 2030 quae
1472 1974 1582 2017 inter
1608 1973 1753 2016 Xeno-

66 2047 273 2105 phontem
305 2053 345 2092 et
376 2048 607 2092 Platonem
636 2048 878 2098 intercedit,
908 2064 1024 2091 nunc
1053 2048 1163 2092 satis
1193 2048 1364 2091 habebo
1382 2064 1752 2093 commemorasse

65 2141 161 2170 eam
193 2130 235 2169 et
266 2124 514 2168 defendisse
547 2125 858 2182 Xenophontis
891 2125 1214 2169 auctoritatem.

125 2275 272 2320 Unum
306 2275 433 2319 nobis
461 2276 774 2332 disputandum
803 2281 951 2326 restat,
981 2276 1163 2333 quinam
1193 2276 1314 2320 fuere
1342 2276 1403 2319 illi
1423 2275 1574 2332 hymni
1593 2274 1752 2332 quibus

66 2356 218 2409 poetae
254 2379 304 2383 —
340 2357 382 2396 et
414 2352 567 2396 cives‘?
604 2380 653 2384 —
688 2353 969 2397 Palamedem
1004 2354 1286 2397 celebrarent.

124 2428 245 2480 Quae
275 2429 390 2486 apud
423 2430 547 2486 Diog.
581 2430 710 2474 Laert
743 2430 795 2473 ΙΙ.
828 2430 899 2473 44.
934 2435 975 2474 et
1009 2430 1052 2474 in
1084 2431 1360 2487 Argumento
1381 2430 1521 2474 Busir.
1546 2428 1752 2472 Isocratis

65 2503 268 2560 leguntur
299 2520 380 2548 nos
412 2520 499 2548 non
532 2505 672 2549 multa
704 2505 856 2550 iuvare
885 2510 1070 2563 possunt
1096 2506 1137 2558 1).
1165 2505 1346 2549 Fabella
1374 2506 1449 2549 illa
1476 2505 1527 2548 de
1546 2503 1752 2560 Euripide
1786 2562 1789 2564 q

63 2579 348 2636 tragoediam,
396 2580 465 2623 cui
508 2580 661 2623 titulus
712 2581 972 2624 Palamedes
1020 2586 1127 2631 erat,
1175 2585 1440 2625 retractante
1482 2580 1669 2624 fortasse
1702 2594 1752 2621 ex

66 2655 148 2698 hoc
187 2654 229 2698 in
273 2655 492 2713 Apologia
532 2656 644 2700 Xen.
678 2657 773 2700 loco
807 2656 1021 2713 originem
1055 2657 1200 2700 traxit.
1235 2656 1442 2700 Fortasse
1474 2655 1547 2700 alii
1580 2670 1752 2713 quoque

65 2730 300 2787 scriptores
332 2732 413 2775 hac
446 2732 496 2775 de
529 2748 574 2774 re
607 2732 890 2789 scripserunt.

112 2846 136 2888 ¹)
160 2845 267 2889 Diog.
294 2845 412 2880 Laert.
435 2845 467 2879 II
492 2845 535 2879 44
561 2858 694 2881 versus
717 2846 910 2890 Euripidei
937 2846 1159 2880 laudantur:

330 2909 443 2938 ἐκάνετ“
471 2911 591 2938 indute
616 2911 669 2938 τὰν
693 2913 855 2948 πάνσοφον

330 2969 385 2997 τὰν
410 2969 497 2998 οὐδὲν
521 2970 715 3006 ἀλγύνουσαν
739 2970 856 3007 ἀηδόνα
881 2971 1028 2999 [Πουσᾶν.
