2019 3299
887 203 940 248 15

125 332 270 389 Ipsius
325 333 583 384 ἀσχημοσύνη
643 332 765 382 δεινή,
820 332 941 379 δόξαν
999 329 1229 381 ἀβελτερίασ
1285 327 1534 379 παρεχομένη
1594 326 1676 369 174·
1702 326 1747 369 C.

70 408 285 453 laudatur.

131 542 299 585 Horum
326 545 472 585 autem
502 539 864 597 philosophorum
885 539 1111 582 Socratem
1130 537 1257 580 nobis
1275 542 1485 593 tanquam
1505 535 1749 592 exemplum

72 616 287 673 depictum
329 631 425 659 esse
466 615 503 658 si
535 615 678 659 adhuc
720 615 899 658 dubium
940 619 1019 663 est,
1053 613 1148 656 luce
1182 612 1341 655 clarius
1374 612 1455 655 hoc
1488 615 1668 667 apparet
1700 625 1751 653 ex

14 750 20 755 .
75 692 156 735 173
174 691 221 741 Ε,
256 691 335 734 175
354 691 389 733 D
416 690 458 745 Ἴ,
489 689 660 734 collatis
689 689 891 733 versibus
919 704 970 732 ex
998 688 1202 731 Nubibus
1234 688 1316 731 190
1334 703 1428 744 sqq.
1447 691 1486 729 et
1503 686 1751 729 225—234.

71 766 176 810 Post
221 766 327 809 illud
372 768 471 806 κατὰ
520 768 727 818 Πίνδαρον
774 765 961 808 libenter
1008 768 1152 807 monte
1199 763 1456 819 supplemus
1493 778 1530 802 τε
1561 763 1752 801 καὶκατὰ

73 843 371 895 Ἀριστοφάνην.

131 915 326 960 Socratis
373 930 555 959 causam
602 915 833 971 capitalem
892 913 1090 958 Platonis
1148 912 1282 956 menti
1330 912 1609 955 obversatam
1658 927 1755 955 esse

75 992 206 1035 etiam
238 991 515 1048 perspicuum
550 1006 601 1033 ex
637 991 718 1034 172
742 990 798 1032 E:
833 992 1020 1038 πολλάκις
1054 989 1095 1029 δὲ
1127 989 1194 1028 καὶ
1224 989 1312 1039 περὶ
1343 996 1475 1040 ψυχῆς
1508 988 1526 1028 ὅ
1561 990 1718 1039 δρόμος.

134 1066 329 1110 Socratis
375 1065 568 1109 studium
617 1070 657 1109 et
705 1064 924 1122 sapientia
960 1064 1190 1122 respicitur
1229 1062 1365 1107 174ss
1397 1065 1429 1103 τὶ
1465 1064 1506 1103 δὲ
1537 1062 1618 1104 ποτ’
1653 1064 1756 1103 ἐστιν

75 1142 291 1195 ἅνθρωπος
494 1144 600 1193 ζητεῖ
626 1158 664 1181 τε
696 1142 760 1181 καὶ
795 1139 986 1194 πράγματ’
1026 1142 1111 1193 ἔχει.
1140 1138 1205 1182 Cf.
1232 1139 1417 1187 Phaedr‚
1447 1139 1533 1182 230
1550 1138 1602 1188 A,
1630 1137 1756 1194 Apol.

77 1218 133 1262 20
151 1218 200 1268 D,
234 1216 347 1260 Xen.
381 1216 511 1260 Mem.
544 1216 576 1260 Ι.
614 1217 649 1259 1.
689 1217 753 1260 12.

135 1361 304 1417 Agmen
338 1364 483 1403 autem
517 1359 724 1403 claudant
757 1359 842 1402 duo
877 1358 1039 1414 dialogi
1071 1357 1144 1414 qui
1177 1373 1204 1401 a
1235 1356 1459 1401 nonnullis
1493 1357 1596 1400 viris
1623 1356 1760 1400 doctis

78 1452 174 1480 cum
218 1437 273 1479 ob
315 1436 426 1480 alias
457 1451 617 1479 causas
650 1440 741 1478 tum
775 1439 950 1492 propter
981 1433 1163 1477 nimiam
1197 1433 1393 1476 somatis
1425 1432 1466 1475 in
1500 1432 1763 1489 disputando

76 1511 370 1561 insolentiam,
418 1510 721 1560 rusticitatem,
765 1510 1047 1554 acerbitatem
1096 1509 1268 1553 Platoni
1300 1508 1610 1552 detrahuntur:
1648 1507 1761 1551 Alci-

79 1587 228 1631 biades
259 1586 376 1645 prior
407 1590 447 1630 et
481 1586 671 1643 Hippias
704 1585 858 1630 maior.

135 1662 382 1707 Audiamus
408 1661 615 1705 iudicium
646 1661 726 1705 viri
750 1661 960 1704 nostratis
989 1660 1150 1705 CoBE'r1
1177 1668 1246 1700 τοῦ
1274 1663 1393 1700 πάλαι
1423 1659 1496 1717 qui
1515 1659 1760 1702 criticorum

78 1737 204 1782 facile
251 1734 452 1795 princeps
499 1742 607 1782 erat.
656 1737 712 1788 Is,
761 1737 803 1780 in
855 1737 1070 1781 Mnemos.
1121 1737 1234 1780 1874
1283 1751 1368 1793 pag
1429 1736 1513 1779 369
1553 1751 1661 1792 sqq„
1712 1735 1763 1778 de

81 1814 306 1858 Alcibiade
337 1814 561 1857 disserens
593 1813 823 1857 confitetur
855 1829 902 1856 se
935 1812 1109 1869 quoties
1136 1812 1253 1855 hunc
1281 1811 1513 1867 Dialogum
1546 1811 1767 1867 relegebat

80 1889 346 1933 intellexisse
379 1889 461 1933 sibi
490 1904 576 1932 non
609 1905 707 1932 cum
736 1889 920 1932 Platone
947 1904 1039 1932 rem
1068 1903 1166 1931 esse
1194 1888 1269 1931 sed
1288 1903 1384 1931 curn
1405 1886 1552 1944 aliquo
1571 1885 1767 1929 Platonis

77 1970 271 2010 amatore
299 1972 340 2009 et
365 1965 631 2009 admiratore
659 1970 699 2008 et
727 1964 959 2008 imitatore.
987 1964 1229 2020 Postquam
1257 1962 1399 2007 attulit
1429 1978 1541 2019 quae
1563 1961 1768 2018 leguntur

77 2040 260 2085 duritiae
295 2041 378 2085 118
396 2041 445 2092 Β,
484 2041 564 2085 119
582 2041 635 2092 A,
676 2042 755 2085 120
774 2041 822 2091 Β,
857 2045 1004 2084 censet
1035 2040 1143 2084 talia
1172 2039 1377 2094 „Cratino
1401 2053 1533 2096 quam
1552 2037 1766 2081 Platone”

79 2116 280 2173 digniora
319 2132 429 2161 esse.
464 2116 705 2174 Postquam
739 2116 886 2160 attutit
918 2116 1063 2159 locum
1096 2115 1171 2158 ubi
1203 2114 1409 2158 Socrates
1442 2113 1622 2157 Periclis
1655 2112 1768 2155 filios

79 2197 119 2236 et
149 2192 336 2236 Cliniam
370 2192 622 2249 perstringit
651 2192 754 2245 (118
775 2192 824 2245 D)
855 2191 936 2235 ait:
975 2191 1345 2247 „Aristophanem
1378 2195 1417 2232 te
1446 2189 1597 2233 audire
1625 2193 1765 2245 putes,

81 2283 166 2311 non
223 2267 452 2312 Platonem
512 2269 578 2308 τὸν
634 2269 874 2320 εὐσχήμονα,
919 2269 988 2307 τὸν
1036 2267 1096 2307 ἀεὶ
1142 2271 1478 2319 σεμνολογοῦιντα,
1524 2263 1597 2321 qui
1643 2263 1768 2307 dictis

81 2357 272 2400 pungere
319 2348 360 2386 et
407 2358 530 2386 urere
586 2342 824 2399 quemlibet
872 2341 1120 2399 improbum
1168 2340 1415 2385 salsissime
1463 2343 1646 2396 poterat,
1695 2339 1769 2382 sed

84 2433 137 2462 ea
176 2417 273 2475 ipsa
314 2418 365 2462 de
407 2433 542 2462 causa
583 2417 785 2461 convicia
826 2416 1130 2461 huiuscemodi
1175 2421 1214 2459 et
1246 2415 1479 2460 maledicta
1510 2414 1650 2458 iacere
1683 2429 1767 2456 non

23 2485 35 2498 ⁶
86 2494 300 2538 solebat''.

142 2636 352 2681 Similiter
398 2636 593 2681 Socratis
641 2637 683 2679 in
734 2636 898 2693 Hippia
944 2635 1111 2679 maiore
1134 2635 1165 2683 2)
1210 2634 1434 2678 rusticitas
1477 2638 1516 2676 et
1554 2633 1771 2677 acerbitas

89 2711 191 2755 viris
223 2712 360 2756 doctis
393 2712 626 2755 offensioni
660 2716 766 2755 erat.

145 2787 387 2831 Videantur
433 2787 647 2844 imprimis
693 2787 833 2831 2881)
881 2786 955 2830 ubi
1015 2786 1219 2830 Socrates
1268 2786 1375 2828 haec
1422 2784 1676 2827 confitetur:
1725 2785 1770 2823 οὐ

136 2927 158 2969 ¹)
187 2925 269 2961 vid.
296 2927 384 2970 Cap.
414 2925 478 2960 IV.
502 2926 524 2970 ὅ
552 2926 583 2960 4.

132 2987 158 3029 ²)
184 2986 237 3022 Cf.
264 2987 353 3031 Cap.
380 2986 443 3021 lv.
468 2986 489 3030 ᾗ
512 2986 545 3020 3.
