2019 3299
914 175 971 217 25

115 306 172 357 δὴ
218 302 300 352 οἷος
346 300 395 355 ἦν
442 307 671 354 Χαιρεφῶν,
717 301 768 348 ὡς
815 300 1042 350 σφοδρὸς
1091 296 1147 346 ἐφ’
1199 298 1254 336 ὅτι
1303 297 1559 347 ὁρμήσειε.
1602 296 1686 335 καὶ
1724 299 1782 348 δή

109 396 230 421 ποτε
255 380 337 419 καὶ
368 380 421 426 εἷς
455 379 636 427 Δελφοὺς
668 376 798 416 ἐλθὼν
831 376 1084 424 ἐτόλμησε
1116 379 1228 411 τοῦτο
1262 371 1672 421 μαντεύσασθαι·καὶ,
1689 372 1783 421 ὅπερ
1822 414 1826 418 ,

107 455 218 507 λέγω,
262 454 314 505 μὴ
361 456 584 504 θορυβεῖτε,
630 448 658 492 ὦ
706 451 860 501 ἄνδρες·
912 448 1050 504 (hisce
1097 445 1300 490 omnibus
1346 445 1487 488 verbis
1528 445 1783 501 praemissis

63 538 65 541 '
109 527 330 586 deprecari
352 526 561 570 invidiam
580 530 620 569 et
638 526 832 568 minuere
852 523 1032 567 nimiam
1051 521 1331 565 insolentiam
1351 525 1546 569 conatur,
1565 525 1784 576 postremo

109 608 234 649 caute
262 607 302 647 et
328 603 477 646 timide
504 606 544 645 et
562 601 726 644 invitus
745 604 893 643 narrat
910 602 1123 656 quantum
1141 596 1312 640 facinus
1329 596 1472 639 audax
1490 595 1787 649 commiserit.)

109 681 256 732 ἤρετο
303 679 392 731 γὰρ
441 678 498 728 ὀὴ
546 679 690 723 εἴτις
739 677 860 725 ἐμοῦ
894 676 972 725 εἴη
1005 676 1314 722 σοφώτερος.

170 754 308 798 Pudet
354 768 422 795 me
470 751 598 795 amici
646 751 729 794 mei
777 749 957 798 iudices,
1007 763 1146 804 neque
1195 747 1303 790 haec
1343 745 1504 803 protuli
1548 750 1592 788 ut
1626 750 1786 789 memet

109 829 250 886 ipsum
291 829 530 873 laudarem.
569 831 787 878 Σκίψασθε
820 827 861 867 d}
894 824 949 866 ὧν
986 826 1098 865 ἕνεκα
1131 833 1251 864 ταῦτα
1283 824 1392 876 λέγω·
1425 824 1547 873 μέλλω
1580 825 1653 875 γὰρ
1686 824 1786 874 ὑμᾶς

108 908 292 955 διδάξειν.
324 906 406 948 Per
437 909 574 948 totam
607 902 870 960 Apologiam
899 901 1104 945 Socrates
1131 899 1304 942 iudices‘
1322 897 1560 955 alloquitur
1578 897 1787 940 benevole

107 985 317 1037 tanquam
350 980 587 1037 discipulos
618 979 778 1036 quibus
810 977 1072 1035 persuadere
1105 980 1288 1018 conatur
1323 1001 1372 1005 -—
1408 989 1494 1016 non
1528 973 1630 1015 item
1664 987 1786 1016 accu-

107 1061 275 1100 satores
316 1056 369 1099 cf.
413 1055 522 1098 240
559 1082 625 1097 —.
658 1053 770 1096 Illud
815 1055 1022 1101 σιέψασθε
1066 1051 1246 1093 verbum
1293 1053 1356 1092 est
1398 1048 1511 1105 quod
1544 1048 1587 1090 in
1621 1047 1786 1091 deliciis

109 1131 252 1181 habet,
285 1131 462 1187 saepius
494 1146 545 1173 eo
578 1129 713 1172 utitur
744 1134 783 1172 et
817 1127 931 1184 apud
965 1126 1305 1183 Xenophontem
1340 1129 1379 1167 et
1412 1123 1526 1180 apud
1559 1123 1785 1167 Platonem

109 1206 151 1249 in
184 1205 412 1263 colloquiis
444 1221 556 1262 quae
588 1220 685 1247 cum
719 1203 872 1246 amicis
905 1202 1050 1245 habet.

165 1280 305 1324 Totus
336 1281 459 1324 locus
492 1279 850 1336 elegantissimus
883 1282 949 1321 est
980 1281 1021 1320 et
1054 1275 1389 1320 subtilissimus.

169 1356 322 1400 Talem
369 1361 516 1400 autem
564 1355 605 1398 in
649 1354 869 1398 hominem
904 1368 990 1396 non
1028 1352 1213 1409 quadrat
1246 1350 1351 1393 illud
1384 1348 1692 1405 Xenophontis
1724 1347 1788 1387 καὶ

111 1433 255 1484 ὄμμασι
286 1433 352 1472 καὶ
385 1436 548 1484 σχήματι
580 1432 644 1470 καὶ
677 1433 890 1483 βαδίσματι
922 1431 1103 1479 φαιδρός.
1137 1427 1259 1478 Quae
1292 1430 1519 1483 praeterea
1551 1438 1648 1481 pag.
1681 1423 1732 1466 21
1754 1422 1788 1465 E

110 1508 317 1564 leguntur
361 1506 510 1551 omnia
550 1505 802 1550 excusantis
842 1509 942 1548 sunt
985 1508 1025 1547 et
1070 1502 1314 1546 verecunde
1356 1505 1397 1544 et
1438 1499 1628 1543 demisse
1661 1499 1789 1542 dicta.

110 1583 210 1627 Non
258 1598 369 1633 mea,
418 1582 572 1639 inquit,
620 1582 749 1639 culpa
794 1585 873 1630 est,
917 1579 1095 1628 iudices,
1141 1594 1209 1622 me
1251 1577 1349 1621 odio
1392 1591 1488 1620 esse
1522 1574 1787 1618 hominibus.

111 1658 327 1703 Putabam
369 1663 516 1702 autem
565 1674 633 1701 me
665 1658 820 1701 debere
853 1656 1117 1712 investigare
1145 1654 1247 1711 quid
1280 1653 1362 1697 sibi
1397 1652 1527 1695 vellet
1558 1651 1663 1694 illud
1696 1665 1788 1693 ora-

111 1734 270 1782 culum,
327 1734 546 1791 quomodo
601 1734 778 1777 deorum
805 1783 808 1788 ¹
839 1747 1101 1789 responsum
1158 1729 1500 1786 intellegendum
1558 1730 1695 1775 esset;
1749 1730 1788 1768 et

110 1809 284 1853 labores
310 1825 415 1853 suos
442 1814 603 1853 narrat.
633 1808 907 1852 Verecundia
935 1806 1128 1851 Socratis
1151 1804 1364 1849 Platonici
1384 1804 1512 1848 etiam
1531 1801 1791 1860 perspicitur

111 1884 239 1941 Apol.
285 1884 398 1928 35A
441 1884 515 1924 ἀλλ’
562 1881 635 1924 οὖν
677 1886 917 1935 δεδογμένον
958 1884 1000 1935 γε’
1042 1884 1117 1921 ἐυτι
1160 1883 1201 1921 τὸ
1243 1882 1438 1931 Σωκράτη
1482 1881 1684 1929 διαφέρειν
1716 1879 1791 1917 τινὶ

111 1969 188 2000 τῶν
233 1966 389 2000 πολλῶν
435 1961 678 2011 ἀνθρώπων,
724 1959 795 2002 ubi
835 1959 1007 2002 Schanz
1049 1957 1091 2000 in
1135 1955 1249 1999 Edit.
1293 1955 1498 1998 adnotat:
1537 1953 1789 2008 „Sokrates'

114 2035 478 2079 Bescheidenheit
518 2036 603 2092 legt
647 2035 795 2078 diesen
829 2033 1171 2077 unbestimmten
1205 2030 1439 2074 Ausdruck
1472 2029 1630 2073 nahe’'.
1665 2028 1791 2084 Fugit

114 2110 253 2154 virum
297 2116 472 2154 acutum
515 2111 653 2167 deque
694 2110 876 2153 Platone
918 2108 1079 2166 optime
1124 2107 1324 2150 meritum
1369 2106 1449 2148 hoc
1481 2106 1532 2148 de
1564 2104 1790 2148 Platonico

113 2187 293 2231 Socrate
332 2192 503 2231 tantum
548 2187 677 2230 modo
719 2186 800 2230 dici
842 2202 985 2243 posse.
1028 2185 1092 2228 Re
1136 2199 1240 2227 vera
1281 2183 1486 2227 Socrates
1520 2180 1791 2224 verecundus

114 2279 200 2306 non
232 2263 344 2306 erat!

170 2338 289 2381 Idem
336 2338 441 2382 alibi
486 2338 593 2382 38C
635 2341 810 2390 φήσουσι
853 2339 925 2391 γὰρ
968 2339 1016 2389 δὴ
1059 2354 1105 2388 με
1147 2337 1274 2385 σοφὸν
1315 2333 1430 2382 εἶναι,
1470 2333 1598 2374 εἶκαὶ
1630 2333 1682 2384 μὴ
1714 2333 1794 2383 εἰμί

116 2413 168 2456 cf.
216 2414 462 2471 Euthyphr.
498 2415 606 2459 11D
653 2416 760 2455 ἄκων
808 2416 886 2467 εἰμὶ
925 2417 1065 2466 σοφός.
1115 2412 1319 2456 Demissa
1360 2426 1533 2468 quoque
1572 2409 1665 2453 eius
1708 2423 1791 2451 vox

114 2493 193 2532 est.
208 2491 264 2533 39
284 2490 340 2533 B:

171 2574 292 2605 ταῦτα
324 2567 395 2616 μέν
427 2583 505 2607 που
537 2568 629 2615 ἴσως
662 2568 786 2614 Οὕτως
811 2566 877 2605 καὶ
909 2567 988 2606 ἔδει
1020 2570 1138 2617 σχεῖν,
1163 2565 1229 2604 καὶ
1256 2562 1364 2615 οἶμαι
1386 2563 1485 2603 αὐτὰ
1503 2564 1664 2613 μετρίως
1681 2562 1791 2613 ἔχειν.

171 2640 282 2684 41])
323 2642 389 2682 καὶ
429 2643 548 2695 ἔγωγε
588 2647 667 2690 τοῖς
708 2642 1110 2693 καταψηφισαμένοις
1152 2658 1229 2692 μου
1271 2640 1336 2679 καὶ
1368 2645 1447 2687 τοῖς
1477 2639 1711 2691 κατηγόροις
1743 2637 1790 2677 οὐ

113 2717 220 2756 πάνυ
251 2718 486 2768 χαλεπαίνω.

173 2791 394 2835 Iudieibus
435 2798 474 2835 et
518 2792 849 2835 accusatoribus
892 2807 977 2834 non
1021 2794 1263 2839 suscenset,
1297 2789 1499 2845 ignorant
1532 2786 1647 2830 enim
1681 2801 1793 2843 quae

116 2865 308 2910 fecerint.

174 2941 260 2986 Sed
308 2942 649 2989 innumerabiles
697 2942 779 2984 loci
828 2946 931 2985 sunt
976 2941 1049 2997 qui
1097 2940 1256 2997 opponi
1305 2945 1484 2996 possunt
1529 2937 1637 2980 locis
1677 2936 1790 2992 apud
