2019 3299
1097 163 1154 207 34

218 317 220 322 ,
270 287 493 330 dimicatio
540 286 715 344 capitis!
772 314 834 336 —,
868 287 1125 330 dexteritate
1166 287 1354 344 quadam
1401 286 1783 343 praestigiatorum
1829 287 1954 331 Plato

275 363 400 406 nobis
433 378 521 405 rem
550 362 612 404 sic
640 362 770 405 tradit
797 366 836 404 et
864 361 992 405 elficit
1021 366 1065 405 ut
1094 361 1292 411 Meletus,
1319 361 1392 418 qui
1421 362 1548 419 quasi
1567 363 1758 406 rusticus
1776 363 1955 420 quidam

273 439 504 488 inducitur,
539 438 740 481 immutet
772 437 1098 481 accusationem
1133 442 1174 480 et
1202 437 1435 481 contendat
1461 453 1581 480 reum
1605 437 1785 481 omnino
1813 438 1958 481 nullos

273 515 377 558 deos
420 514 575 558 colere.
623 513 743 556 Haec
785 517 931 556 autem
963 528 1081 556 nova
1112 517 1151 555 et
1184 517 1354 556 mutata
1386 512 1609 556 accusatio
1642 512 1797 556 deinde
1828 528 1855 557 a
1886 528 1960 556 reo

273 590 556 647 impugnatur
601 588 670 632 vel
727 588 872 645 potius
928 588 1103 632 ridetur.
1151 587 1345 632 Crimina
1386 588 1540 645 propia
1586 604 1672 632 non
1720 587 1958 639 diluuntur,

273 681 359 708 non
407 664 668 709 refutantur.
717 664 818 707 Non
867 664 1139 707 demonstrat
1184 663 1388 707 Socrates
1435 663 1691 708 Platonicus
1732 680 1779 708 se
1818 664 1960 708 colere

272 741 377 784 deos
424 739 605 797 patrios.
654 740 715 782 De
761 742 899 784 novis
940 739 1183 783 daemoniis
1216 739 1397 782 verbum
1440 739 1625 783 nullum.
1658 739 1812 797 Neque
1844 739 1957 783 serio

272 831 361 859 rem
396 820 581 859 tractare
612 814 781 858 videtur
812 830 927 858 reus.
961 814 1044 858 Per
1076 814 1219 857 iocum
1263 814 1470 858 Meletum
1504 814 1557 858 ad
1590 814 1747 858 incitas
1779 815 1956 872 redegit,

272 891 386 948 quod
435 892 490 935 ab
524 891 620 948 ipso
654 890 839 934 Platone
871 890 1115 952 affirmatur
1148 890 1202 932 27
1222 889 1285 933 A:
1319 892 1447 931 καίτοι
1477 892 1592 931 τοῦτό
1624 891 1703 930 ἐστι
1740 894 1962 940 παίζοντος.

272 967 407 1016 Haec,
454 982 566 1024 quae
612 966 657 1009 in
705 965 903 1010 Platonis
952 965 1171 1022 Apologia
1216 965 1389 1022 legitur,
1436 964 1583 1022 gravis
1629 966 1953 1022 argumentatio

271 1059 356 1086 non
400 1047 479 1093 est,
522 1058 662 1100 neque
696 1058 800 1086 vera
837 1041 1069 1099 Apologia.
1113 1041 1295 1085 Videtur
1336 1041 1508 1085 Platoni
1548 1057 1634 1086 non
1667 1041 1777 1086 tanti
1804 1041 1957 1092 fuisse,

271 1118 324 1162 cf.
366 1119 423 1162 28
450 1120 512 1162 A:
557 1120 667 1159 Ἀλλὰ
697 1121 785 1172 γάρ,
816 1115 845 1159 ὦ
878 1118 1020 1170 ἄνδρες
1053 1122 1274 1170 Ἀθηναῖοι,
1304 1118 1355 1166 ὡς
1388 1117 1459 1168 μὲν
1492 1118 1565 1171 ἐγὼ
1597 1119 1672 1159 οὐκ
1704 1118 1828 1159 ἀδικῶ
1859 1118 1959 1159 κατὰ

271 1196 343 1247 τὴν
384 1197 573 1247 Μελήτου
611 1195 786 1247 γραφήν,
826 1195 873 1234 οὐ
905 1198 1052 1246 πολλῆς
1085 1210 1151 1245 μοι
1184 1195 1299 1233 δοκεῖ
1322 1184 1424 1233 εἶναι
1455 1193 1684 1247 ἀπολογίας,
1714 1193 1810 1233 ἀλλὰ
1839 1193 1960 1233 ἱκανὰ

273 1270 339 1310 καὶ
373 1278 508 1310 ταῦτα.

331 1345 403 1389 Sic
447 1346 567 1403 loqui
613 1350 757 1402 potest
802 1345 1038 1389 historicus
1087 1345 1154 1388 vel
1203 1345 1387 1403 scriptor
1430 1345 1645 1402 posterior
1685 1344 1759 1403 qui
1792 1345 1956 1390 talibus

270 1421 376 1465 iocis
424 1426 465 1465 et
510 1421 621 1465 fictis
664 1427 704 1465 et
746 1421 1065 1465 commenticiis
1107 1420 1479 1478 disputationibus
1520 1421 1820 1465 demonstrare
1863 1420 1956 1465 vult

270 1513 402 1555 quam
446 1497 616 1541 insulsa
656 1502 696 1540 et
734 1497 882 1541 ieiuna
921 1501 1013 1540 tota
1055 1496 1130 1540 illa
1170 1496 1392 1540 accusatio
1426 1496 1571 1540 fuerit.
1607 1495 1776 1540 Iudices
1807 1500 1953 1540 autem

269 1573 484 1617 eiusmodi
526 1573 821 1623 altercatione,
863 1588 976 1630 quae
1018 1572 1243 1616 simillima
1274 1576 1339 1615 est
1370 1571 1657 1629 disputationi
1690 1571 1954 1619 dialecticae,

271 1653 500 1692 contentos
531 1648 685 1699 fuisse,
719 1664 803 1692 non
838 1653 903 1692 est
935 1648 1173 1692 admodum
1207 1647 1425 1691 credibile.
1458 1647 1563 1691 Inde
1595 1663 1768 1705 quoque
1791 1647 1954 1691 factum

271 1729 336 1768 est
363 1730 409 1768 ut
441 1726 497 1769 32
531 1725 576 1770 C.
597 1726 646 1769 D.
679 1725 869 1775 demum,
904 1724 945 1768 in
980 1728 1083 1769 alia
1115 1723 1426 1781 disputatione,
1460 1723 1740 1767 daemonium
1772 1739 1957 1767 comme-

270 1806 526 1845 moraretur.
560 1801 812 1845 Secundum
846 1800 1074 1845 Platonem
1110 1815 1212 1857 ergo
1245 1800 1358 1844 hanc
1385 1798 1680 1843 accusationis
1707 1804 1874 1857 partem
1902 1815 1955 1843 ne

269 1876 412 1932 attigit
444 1876 618 1934 quidem
653 1876 874 1920 Socrates

327 1952 399 2004 At,
441 1952 595 1995 dixerit
634 1952 808 2009 aliquis,
852 1967 965 2009 quae
997 1967 1134 1995 causa
1166 1955 1258 1995 erat
1290 1951 1407 2009 quod
1439 1966 1540 1994 reus
1571 1956 1870 1994 accusatorem
1903 1951 1955 1994 de

268 2027 547 2071 accusatione
580 2028 901 2083 interrogaret?
934 2027 1053 2070 Num
1088 2027 1231 2071 dubiis
1252 2027 1396 2070 verbis
1428 2026 1615 2083 scriptus
1638 2031 1730 2070 erat
1746 2027 1955 2071 libellus?

269 2103 379 2154 Quid
424 2103 509 2147 sibi
553 2103 645 2147 vult
678 2103 783 2147 illud
816 2104 899 2144 εἰπὲ
930 2105 984 2144 ἔτι
1016 2103 1291 2156 σαφέστερονῬ
1323 2102 1484 2145 Fusius
1516 2102 1624 2146 haec
1654 2103 1957 2146 tractabuntur

268 2179 310 2222 in
360 2179 500 2237 capite
549 2179 691 2229 tertio,
740 2179 948 2236 quoniam
997 2194 1096 2222 cum
1140 2178 1241 2223 aliis
1269 2178 1418 2221 multis
1449 2178 1581 2221 rebus
1614 2178 1723 2222 haec
1755 2177 1954 2236 quaestio

267 2256 487 2299 cohaeret.
536 2255 632 2298 Hoc
679 2259 825 2299 autem
875 2255 970 2298 loco
1019 2254 1106 2298 iam
1150 2254 1298 2298 statim
1341 2254 1422 2297 hoc
1464 2269 1725 2310 responsum
1759 2253 1954 2297 dabitur:

267 2330 439 2381 Meleto,
484 2330 741 2385 accusatori,
775 2330 896 2374 nulla
926 2330 1174 2374 obscuritas
1211 2330 1441 2373 verborum
1477 2328 1588 2372 obici
1620 2333 1778 2385 potest.
1812 2329 1958 2373 Verba

266 2405 427 2463 quibus
460 2406 682 2449 accusatio
724 2406 889 2463 scripta
929 2410 1034 2456 erat,
1068 2405 1163 2448 luce
1196 2404 1382 2449 clariora
1414 2404 1604 2447 fuerunt.
1638 2403 1751 2448 Illud
1784 2405 1867 2445 εἰπὲ
1901 2406 1956 2444 ἔτι

266 2485 512 2534 σαφέστερον
560 2498 595 2525 e.
629 2498 669 2539 q.
701 2499 735 2525 s.
771 2497 798 2526 a
830 2481 1013 2525 Platone
1047 2481 1244 2525 mutandi
1279 2486 1319 2524 et
1352 2480 1543 2537 fingendi
1576 2496 1712 2524 causa
1743 2479 1954 2524 additum.

266 2550 343 2602 “Sic
374 2562 521 2601 autem
554 2557 770 2601 transitus
803 2562 983 2614 paratur
1014 2557 1068 2600 ad
1102 2561 1358 2613 sequentem
1392 2556 1733 2613 disputationem
1766 2554 1956 2599 dialecti-

269 2649 379 2677 cam.
415 2633 513 2677 Non
547 2634 602 2677 ab
635 2633 969 2677 accusatoribus
998 2632 1110 2675 hanc
1137 2648 1226 2675 rem
1246 2632 1460 2688 attingere
1479 2632 1683 2676 Socrates
1702 2631 1956 2675 Platonicus

268 2713 446 2752 coactus
479 2714 557 2760 est,
591 2709 667 2752 sed
700 2723 782 2752 sua
815 2712 970 2765 sponte
1008 2723 1120 2751 onus
1153 2708 1234 2751 sibi
1270 2694 1523 2764 impositum
1555 2704 1735 2764 gravius
1757 2705 1957 2756 reddidit,

269 2799 367 2827 cum
400 2784 494 2827 sine
528 2784 618 2827 ulla
645 2785 762 2827 iusta
787 2799 924 2827 causa
951 2783 1238 2840 interrogaret
1265 2788 1564 2827 accusatorem
1592 2783 1643 2826 de
1676 2782 1956 2826 accusatione

271 2875 384 2916 quae
426 2859 542 2902 haud
585 2859 729 2902 dubiis
774 2859 917 2902 verbis
960 2852 1121 2915 scripta
1153 2863 1258 2902 erat.
1294 2859 1420 2902 Unde
1455 2858 1616 2902 factum
1649 2862 1715 2901 est
1747 2863 1792 2901 ut
1824 2872 1957 2914 opera

269 2940 308 2978 et
342 2934 471 2991 culpa
502 2934 641 2990 ipsius
675 2935 733 2978 rei
767 2934 989 2978 accusatio
1023 2939 1063 2977 et
1096 2934 1281 2977 crimina
1312 2938 1441 2977 aucta
1465 2933 1552 2976 sint
1582 2960 1631 2965 -
1657 2933 1958 2989 conglutinata
