2019 3299
989 186 1067 226 166

241 309 390 365 Igitur,
418 309 531 365 quod
563 324 638 364 pro
671 313 787 351 certo
821 309 1000 358 scimus,
1035 308 1116 350 hoc
1143 313 1232 351 est:
1262 308 1391 351 Mem.
1422 308 1497 352 III.
1525 312 1564 354 8.
1593 313 1633 352 et
1664 309 1870 366 Hippiam
1895 347 1899 350 .

183 385 390 428 maiorem
410 383 680 426 simillimam
699 383 1043 439 disputationem
1063 383 1281 433 exhibere,
1301 383 1536 426 simillimis
1557 385 1713 440 verbis,
1731 401 1871 429 exem-

184 460 265 517 plis
313 460 381 502 hic
428 464 559 516 atque
609 459 697 501 illic
738 474 1010 516 expressam.
1048 458 1240 515 Uterque
1274 459 1381 502 haec
1414 474 1464 501 ex
1497 461 1719 504 communi
1752 461 1872 506 fonte

182 536 343 579 habere
392 534 545 592 potuit,
596 534 823 578 Socratem
869 539 992 590 puta,
1044 534 1125 583 vel,
1177 539 1221 577 ut
1267 534 1359 577 vult
1399 534 1507 584 JoeL
1549 535 1872 582 Antisthenem.

182 611 407 654 Socratem
441 626 725 654 communem
761 611 928 654 fontem
964 610 1105 654 fuisse
1138 626 1224 654 non
1258 611 1400 654 credo.

241 689 287 740 a)
321 687 513 745 Uterque
556 688 740 742 scriptor
778 688 909 731 hahet
943 688 1293 737 similitudinem,
1338 703 1469 745 quam
1510 688 1599 731 veri
1632 687 1775 731 simile
1808 693 1873 731 est

183 778 269 806 non
312 764 458 806 deberi
503 763 689 807 Socrati.
732 763 907 806 Etenim
950 763 1056 806 illud
1092 765 1156 803 διὰ
1190 767 1336 815 χρόνου
1367 763 1409 806 in
1439 763 1568 806 Mem.
1598 768 1677 813 est,
1704 762 1870 819 opinor,

185 840 365 883 verbum
399 839 640 896 scriptoris,
677 839 750 896 qui
784 839 889 882 illud
923 838 1190 896 colloquuim
1226 839 1417 888 tradidit,
1452 839 1478 883 i.
1498 855 1533 883 e.
1562 838 1701 896 ipsius
1728 837 1872 882 Xeno-

182 915 371 972 phontis.
420 915 467 958 In
516 915 691 971 dialogo
745 915 911 972 Hippia
958 914 1167 958 Socrates
1211 914 1315 957 illud
1359 916 1424 955 διὰ
1459 917 1604 967 χρόνου
1637 913 1751 957 dicit.
1785 913 1871 958 Sed

183 990 254 1033 ille
297 1005 442 1033 sermo
488 989 743 1033 Socraticus
781 989 909 1032 fictus
953 994 1031 1032 est.
1071 989 1167 1032 Hoc
1199 989 1266 1032 vel
1299 1005 1432 1032 unam
1464 989 1519 1032 oh
1552 1004 1732 1033 causam
1766 988 1873 1032 mihi

185 1064 572 1122 persuasissimum
622 1072 702 1108 est.
752 1065 915 1108 Nullus
966 1065 1097 1119 enim,
1152 1080 1204 1108 ne
1254 1065 1544 1108 stultissimus
1591 1064 1782 1122 quidem,
1829 1069 1874 1108 ut

183 1141 382 1184 omittam
433 1141 658 1197 Hippiam,
704 1141 766 1184 sic
809 1157 856 1184 se
899 1141 1081 1184 derideri
1127 1146 1165 1183 et
1209 1140 1412 1184 insultari
1445 1145 1484 1184 et
1519 1140 1734 1198 increpari
1765 1140 1874 1198 pati·

184 1222 265 1266 tur,
300 1217 471 1274 opinor.

243 1292 283 1346 b)
333 1293 538 1337 Vidimus
589 1309 701 1342 eum,
750 1294 824 1351 qui
876 1293 1082 1350 Hippiam
1133 1293 1344 1337 maiorem
1394 1293 1581 1351 scripsit,
1629 1293 1786 1337 melius
1833 1296 1874 1336 et

188 1369 330 1425 magis
379 1369 685 1427 philosophice
733 1370 1038 1427 quaestionem
1087 1375 1273 1414 tractare
1330 1385 1462 1426 quam
1516 1369 1873 1426 Xenophontem,

186 1445 324 1488 immo
357 1445 619 1502 impugnare
653 1450 693 1488 et
727 1445 887 1489 reicere
920 1461 983 1493 ea,
1019 1461 1133 1503 quae
1166 1446 1280 1503 apud
1316 1445 1428 1489 Xen.
1464 1461 1569 1488 vera
1599 1444 1830 1488 habentur.

244 1520 446 1564 Vidimus
494 1521 625 1564 etiam
677 1521 904 1564 Socratem
938 1521 1217 1565 Platonicum
1249 1520 1513 1565 sententiam
1547 1520 1728 1578 aperire,
1762 1536 1874 1577 quae

185 1596 402 1640 contraria
444 1601 535 1640 erat
577 1596 773 1653 opinioni
817 1596 1013 1640 Socratis
1052 1596 1378 1653 Xenophontei.
1413 1596 1534 1648 Quae
1567 1596 1716 1639 omnia
1748 1596 1875 1640 nobis

185 1672 459 1722 dissuadent,
493 1688 546 1715 ne
580 1672 811 1715 credamus
844 1677 1080 1729 utrumque
1114 1673 1371 1729 scriptorem
1405 1672 1513 1715 haec
1545 1671 1791 1728 sublegisse
1822 1687 1874 1715 ex

185 1747 325 1804 ipsius
359 1748 554 1792 Socratis
588 1764 675 1791 ore.

247 1824 284 1876 c)
318 1823 363 1866 Si
399 1828 580 1881 uterque
613 1824 798 1880 scriptor
830 1824 960 1867 refert
993 1824 1276 1882 aliquatenus
1311 1823 1445 1867 verba
1477 1823 1532 1866 ab
1565 1823 1661 1879 ipso
1694 1822 1875 1866 Socrate

193 1898 321 1949 dicta,
342 1900 469 1943 valde
490 1899 739 1942 mirandum
759 1914 824 1943 est
843 1899 909 1943 bis
929 1900 1110 1943 eandem
1131 1899 1474 1956 disputationem
1494 1914 1591 1941 esse
1610 1898 1806 1942 habitam
1822 1924 1879 1931 —

186 1974 407 2018 similibus
443 1975 668 2031 exemplis,
703 1975 995 2018 dissimilibus
1028 1975 1258 2018 sententiis
1297 1980 1337 2018 et
1380 1974 1522 2018 exitu!
1559 2001 1626 2023 —‚
1662 1973 1705 2016 in
1742 1973 1880 2017 altera

185 2054 331 2093 autem
358 2050 412 2093 ab
440 2050 666 2106 Aristippo
698 2051 966 2104 ἐξελέγχεσθαι
996 2050 1240 2100 Socratem,
1265 2050 1308 2093 in
1328 2050 1468 2094 altera
1486 2050 1631 2107 ipsum
1650 2049 1877 2093 Socratem

185 2126 405 2177 ἐξελέγχειν.
456 2126 524 2168 An
574 2125 769 2169 imitator
816 2125 1023 2169 Socrates
1074 2153 1125 2156 —
1178 2141 1328 2169 verum
1378 2141 1492 2169 nunc
1540 2130 1580 2168 et
1619 2124 1874 2168 historicum

186 2200 294 2249 dieo,
348 2216 434 2243 non
482 2201 681 2244 Platonis
730 2205 945 2254 πρόσωπον
995 2229 1045 2233 -
1102 2201 1246 2245 factus
1280 2217 1376 2245 esse
1409 2201 1621 2258 Aristippi
1654 2201 1876 2257 putandus

186 2277 289 2319 est‘?
323 2276 533 2333 Magister
566 2276 760 2320 imitator
793 2277 1071 2333 discipuliP‘?

246 2426 371 2478 Quod
420 2433 567 2471 autem
615 2428 926 2471 Antisthenen]
975 2428 1202 2486 utriusque
1250 2428 1417 2471 fontem
1462 2427 1600 2471 fuisse
1635 2426 1876 2483 perhibent,

189 2504 270 2546 hoc
303 2503 478 2560 quidem
514 2504 640 2559 plane
674 2505 910 2546 nescimus.
954 2503 1127 2560 Optime
1160 2504 1254 2546 fieri
1288 2508 1445 2560 potest,
1479 2508 1524 2545 ut
1557 2503 1878 2546 demonstretur

188 2579 242 2621 ab
291 2579 439 2635 aliquo
475 2581 567 2621 viro
613 2579 738 2622 docto
782 2580 895 2623 hanc
928 2578 1272 2634 disputationem
1308 2594 1395 2622 non
1430 2578 1620 2621 alienam
1654 2577 1792 2621 fuisse
1824 2577 1879 2620 ab

188 2653 467 2696 Antisthenis
516 2654 701 2710 placitis.
749 2654 870 2697 Esto.
924 2654 1118 2697 Primum
1169 2660 1313 2698 autem
1363 2659 1455 2697 tum
1489 2653 1877 2696 demonstrandum

188 2733 253 2772 est
298 2729 405 2772 talia
453 2728 590 2772 fuisse
638 2729 814 2786 propria
861 2730 1153 2778 Antisthenis,
1200 2744 1297 2773 non
1344 2714 1482 2772 fuisse
1525 2727 1736 2772 Socratis.
1781 2728 1876 2771 Hoc

188 2805 305 2847 dico:
355 2804 429 2860 qui
476 2805 908 2861 consanguinitatem
965 2805 1164 2861 agnoscit
1222 2805 1333 2848 inter
1389 2804 1708 2860 disputationes
1760 2803 1886 2859 apud·

190 2879 531 2934 Xenophontem
566 2885 606 2921 et
640 2880 919 2923 Antisthenis
953 2880 1278 2936 philosophiam
1330 2908 1379 2911 —
1416 2879 1696 2936 paucissima,
1731 2878 1876 2922 admo-

190 2955 292 2997 ‹lum
335 2954 515 3003 lubrica,
561 2956 611 2997 de
656 2956 736 2998 hoc
769 2955 967 2999 Socratis
1001 2956 1214 3012 discipulo
1254 2956 1380 2998 nobis
1413 2954 1715 2998 innotuerunt!
1751 2980 1796 2984 —
1837 2952 1875 2996 ei
