2019 3299
893 188 947 229 59

143 308 265 359 Quae
312 322 466 350 omnes
507 307 824 364 discrepantiae
866 309 964 352 inde
1007 309 1216 365 originem
1260 311 1437 354 trahunt
1480 312 1593 368 quod
1636 312 1760 355 Plato

84 399 189 428 suas
216 382 446 439 opiniones
479 398 576 425 cum
610 382 846 426 Socraticis
879 383 1187 434 confundebat,
1221 400 1351 441 saepe
1385 386 1434 429 de
1462 402 1542 429 suo
1561 387 1761 430 nonnihil

83 458 282 502 addebah

141 532 266 576 Unde
297 533 343 576 fit
376 537 421 576 ut
445 532 641 576 Platonis
674 548 807 589 opera
840 533 969 589 plena
1002 533 1213 577 rimarum
1249 535 1349 584 sint,
1384 536 1464 579 hac
1496 541 1627 593 atque
1660 537 1760 581 illac

82 608 310 665 perfluant.

117 829 142 876 ς
175 831 232 865 10.
303 829 560 875 QUOMODO
604 830 812 867 FACTUM
855 831 934 866 srr
977 831 1041 866 UT
1085 831 1455 869 ACCUSATORES
1497 834 1719 872 PLURALI

178 918 394 954 NUMERO
426 919 489 954 DE
520 918 788 954 DAEMONIO
818 919 1201 964 LOQUERENTUR
1229 903 1374 959 «κΑιΝᾹ
1405 905 1652 964 ammom).

135 1068 410 1125 Quamquam
446 1069 596 1126 Symp.
625 1069 709 1112 202
728 1068 777 1111 E.
810 1069 1090 1112 daemonium
1115 1069 1325 1125 singulari
1344 1087 1525 1114 numero
1558 1074 1754 1121 occurrit,

75 1148 219 1187 tamen
255 1160 341 1187 uno
374 1144 447 1187 illo
481 1144 695 1188 vocabulo
728 1152 807 1183 πᾶν
839 1146 880 1183 τὸ
914 1147 1138 1195 δαιμονιόν,
1172 1161 1326 1188 omnes
1359 1147 1608 1198 daemones,
1641 1165 1755 1192 eoni-

73 1218 277 1275 prehensi
309 1225 424 1263 sunt.
458 1219 596 1262 Paulo
629 1235 802 1276 quoque
835 1224 931 1275 post
964 1220 1204 1276 permultos
1236 1237 1331 1263 esse
1365 1222 1605 1266 daemonas
1637 1225 1764 1267 audi-'

74 1309 171 1337 mus
217 1295 317 1347 (203
336 1295 387 1342 A,
436 1293 544 1335 οὗτοι
579 1296 627 1346 δὴ
675 1297 715 1335 οῖ
759 1296 945 1344 δαίμονες
991 1297 1130 1335 πολλοὶ
1171 1297 1236 1336 καὶ
1278 1298 1566 1352 παντοδαποί).
1611 1299 1754 1343 Facile

71 1369 200 1425 igitur
241 1370 452 1413 transitus
495 1376 672 1426 paratur
713 1386 739 1413 a
772 1369 1008 1432 daemonio
1036 1371 1090 1413 ad
1123 1370 1357 1415 daemonia
1391 1373 1456 1415 vel
1490 1374 1752 1424 daemonas;

71 1460 157 1487 non
199 1445 343 1488 solum
387 1446 501 1502 apud
544 1445 838 1492 adversarios,
873 1461 984 1502 quos
1016 1445 1265 1489 interiorem
1300 1448 1519 1491 daemonii
1555 1450 1753 1494 notitiam
1803 1438 1808 1440 i

71 1535 155 1563 non
189 1519 397 1563 babuisse
430 1537 515 1563 non
552 1521 797 1564 mirandum
833 1525 911 1570 est,
944 1521 1019 1563 sed
1049 1521 1179 1564 etiam
1209 1523 1323 1578 apud
1349 1523 1492 1579 ipsum
1511 1524 1752 1576 Socratem,

68 1595 182 1653 quod
216 1601 395 1653 apparet
428 1596 706 1653 aliquatenus
739 1611 791 1639 ex
823 1596 949 1652 Apol.
984 1596 1096 1639 Xen.
1130 1597 1204 1639 14:
1234 1600 1299 1638 ἵνα
1327 1601 1378 1639 ἔτι
1397 1605 1544 1650 μᾶλλον
1563 1603 1754 1642 ἀπιστῶσι

68 1680 118 1726 τῷ
160 1671 225 1722 ἐμὲ
264 1678 496 1724 τετιμῆσθαι
537 1673 615 1712 ὑπο
659 1674 929 1722 δαιμόνων
973 1677 1013 1714 el:
1046 1672 1174 1729 Apol.
1211 1672 1323 1716 Xell.
1357 1676 1408 1719 8:
1440 1662 1492 1715 χοὶ
1519 1678 1637 1716 θεοὶ
1670 1680 1753 1717 τότε

68 1763 144 1798 μου
178 1747 437 1799 ἠναντιοῦντο
470 1747 562 1790 scil.
597 1763 672 1803 per
705 1747 1000 1790 daemonium.

127 1821 288 1865 Deinde
321 1822 584 1866 Graecorum
619 1822 956 1879 polytheismus‚
990 1839 1119 1880 quem
1153 1824 1215 1867 sic
1250 1831 1419 1873 vocant.
1453 1843 1586 1869 unum
1622 1829 1748 1871 deun]

67 1913 151 1940 non
184 1897 455 1940 admittebat.
497 1898 652 1955 Neque
685 1914 799 1941 unus
832 1898 940 1941 deus
977 1903 1146 1942 tantum
1184 1927 1232 1930 Q
1269 1901 1519 1956 Apollinem
1553 1903 1646 1946 dico
1680 1931 1750 1953 —,

66 1973 140 2016 sed
188 1973 319 2016 etiam
367 1973 441 2017 alii
489 1973 677 2016 fortasse
713 1989 789 2030 per
820 1974 1103 2017 daemonium
1138 1975 1309 2018 Socrati
1342 1977 1601 2031 patrocinati
1634 1985 1749 2022 sunt.

64 2047 275 2091 Maiorem
310 2048 396 2090 vim
431 2053 658 2103 praeterea
689 2049 912 2092 accusatio
944 2049 1149 2093 habitura
1181 2055 1274 2093 erat
1306 2051 1341 2093 si
1369 2051 1461 2095 deis
1487 2053 1640 2108 patriis
1663 2055 1761 2099 alia,

64 2138 180 2167 nova
219 2128 350 2180 atque
393 2124 591 2168 inaudita
632 2124 867 2168 daemonia
913 2151 962 2156 —
1008 2125 1164 2182 plurali
1208 2127 1413 2169 numero!
1462 2155 1511 2158 —
1547 2131 1750 2186 opposita

64 2203 201 2241 erant.
243 2198 314 2242 Sic
358 2199 682 2254 Aristophanes
726 2216 898 2257 quoque
945 2201 1103 2257 plurali
1137 2217 1318 2244 numero
1352 2202 1505 2246 Nubes
1537 2209 1746 2262 tanquam

64 2290 204 2318 novas
235 2276 339 2318 deas
372 2275 550 2319 inducit.
585 2276 632 2319 In
667 2276 741 2319 illa
773 2281 919 2320 autem
956 2277 1184 2320 comoedia
1215 2278 1493 2322 daemonium
1529 2296 1747 2337 nusquam

62 2355 340 2400 memoratur,
389 2367 528 2408 neque
577 2352 895 2408 perstringitur.
937 2352 1142 2396 Fortasse
1188 2353 1318 2409 igitur
1355 2355 1519 2398 comico
1553 2357 1746 2400 nondum

61 2424 263 2468 innotuit.
298 2426 379 2469 Per
406 2427 560 2470 Nubes
593 2427 709 2470 enim
741 2455 790 2458 —
821 2428 925 2471 deas
959 2428 1054 2471 dico
1086 2455 1135 2459 —
1166 2428 1372 2485 physicos
1400 2431 1546 2486 potius
1573 2433 1745 2489 popello

61 2500 318 2545 deridendos
350 2502 564 2558 praebuit,
598 2518 785 2559 quorum
820 2503 982 2547 iniuria
1014 2504 1218 2548 Socrates
1253 2520 1366 2547 unus
1400 2505 1655 2550 habebatur.

111 2740 136 2785 ξ
168 2741 226 2776 ll.
284 2740 348 2776 DE
377 2740 612 2776 SOCRATE
640 2741 1114 2779 PYTHAGOREORUM
1144 2741 1403 2779 SODALICII
1433 2744 1687 2782 PRINCIPE.

117 2880 396 2938 Quamquam
438 2897 490 2925 ex
532 2882 664 2926 Euth.
707 2882 834 2932 Plat„
873 2899 924 2927 ex
958 2884 1085 2940 Apol.
1119 2885 1247 2932 Xen.,
1282 2902 1304 2928 e
1338 2886 1483 2935 Mem„
1518 2903 1593 2944 pro
1626 2891 1741 2930 certo

57 2955 220 2999 scimus
251 2956 294 2999 in
327 2957 559 3001 daemonio
592 2958 687 3001 eius
715 2958 985 3015 impietatem
1005 2959 1135 3004 sitam
1155 2976 1265 3011 esse,
1285 2961 1565 3005 daemonium
1585 2978 1738 3006 ansam
