2019 3299
884 209 965 252 139

87 330 214 387 Apol.
248 331 318 373 26,
920 330 924 375 Ι
988 332 1118 388 Apol.
1150 334 1206 375 39
1226 332 1272 375 C.

145 404 222 445 ἀλλ’
273 407 366 446 οὐδὲ
423 406 557 457 μέντοι
612 407 667 445 ὅτι
714 407 861 454 ἀδίκως
1047 407 1150 458 φημὶ
1196 410 1284 459 γάρ,
1329 404 1358 447 ὦ
1406 407 1561 458 ἄνδρες,
1602 409 1640 446 οἳ
1680 405 1762 457 ἐμὲ

86 480 436 536 ἀποθνῄσκω,
481 480 547 520 διὰ
588 488 702 521 τοῦτο
750 486 860 533 μεῖον
988 481 1306 521 ἀπεκτόνατε
1333 484 1525 533 τιμωρίαν
1543 483 1637 533 ὑμῖν
1655 482 1762 532 ἥξειν

86 555 321 607 φρονητέον.
354 560 652 606 παραμυθεῖται
683 555 725 595 δὲ
755 558 792 595 τί
814 572 860 606 με
987 555 1113 603 εὐθὺς
1141 557 1234 607 μετὰ
1260 557 1327 596 τὸν
1351 557 1444 604 ἐμὸν
1461 558 1642 595 θάνατον
1660 557 1761 595 πολὺ

85 629 150 669 καὶ
208 631 459 681 Παλαμήδης
511 629 530 669 ὅ
576 632 861 682 παραπλησίως
986 632 1258 682 χαλεπωτέραν
1308 631 1357 682 νὴ
1397 633 1488 681 Δία,
1519 630 1543 682 ἢ
1576 631 1666 670 οἵαν
1698 628 1763 681 ἐμὲ

83 705 170 756 ἐμοὶ
216 707 459 755 τελευτήσας·
501 706 553 745 ε”τι
586 705 659 758 γὰρ
690 705 753 744 καὶ
787 713 861 745 νῦν
988 706 1012 744 ἀ
1024 721 1052 743 π
1064 721 1081 744 ε
1093 722 1114 744 κ
1127 722 1144 744 τ
1159 707 1178 745 ό
1192 723 1212 744 ν
1228 722 1252 744 α
1263 722 1281 744 τ
1294 721 1320 745 ε.

84 782 187 820 πολύ
234 782 420 828 καλλίους
462 781 614 831 ὕμνους
654 780 859 832 παρέχεται
988 779 1115 836 Apol.
1147 780 1203 823 39
1224 779 1274 823 D.

80 837 301 902 Ὀδυσσέως
342 861 410 894 τοῦ
437 854 584 902 ἀδίκως
626 854 858 894 ἀποκτεί-
1046 855 1168 907 εἰγὰρ
1186 856 1321 896 οἴεσθε
1348 855 1444 895 ἀπο
1459 857 1603 895 κτείν
1618 871 1762 902 οντες

82 946 104 968 ν
117 947 140 967 α
154 946 176 967 v
189 946 206 968 τ
220 946 240 969 o
253 946 272 976 ς
304 930 440 969 αὐτόν’
986 929 1234 980 ἀνθρώπους
1264 930 1491 982 ἐπισχήσειν
1523 937 1592 970 τοῦ
1621 929 1765 970 ὀνειδί-

83 1003 212 1060 Apol.
245 1004 316 1047 28.
986 1008 1065 1053 ζειν
1096 1022 1129 1044 κ.
1148 1023 1177 1044 τ.
1195 1010 1226 1045 λ.

138 1081 391 1131 χαλεπώτατα
437 1079 560 1131 φέρω,
605 1080 660 1119 ὅτι
708 1079 785 1132 δρῶ
817 1093 859 1119 σε
987 1079 1116 1136 Apol.
1150 1081 1207 1123 35
1225 1079 1277 1123 A.

81 1154 228 1201 ἀδίκως
267 1154 581 1210 ἀποθνῄσκο
599 1171 696 1193 ντα.
1044 1155 1093 1194 ἂν
1130 1156 1241 1207 ὑμεῖς
1273 1156 1422 1204 αὐτοὺς
1440 1156 1493 1207 μὴ
1528 1155 1621 1196 ἀπο
1636 1158 1763 1196 κτεί-

80 1226 209 1286 Apol.
244 1228 313 1272 29.
986 1246 1009 1268 v
1022 1246 1046 1281 η
1059 1247 1077 1269 τ
1092 1246 1120 1269 ε.

142 1302 233 1344 Ἀλλ’
284 1304 304 1344 ὁ
350 1304 422 1356 μὲν
469 1305 571 1356 ἀνὴρ
605 1306 671 1345 ὅδε
703 1307 863 1357 κυδρός,
986 1304 1115 1362 Apol.
1150 1305 1205 1348 41
1226 1304 1273 1349 C.

78 1378 130 1427 ὡς
166 1379 265 1432 μέγα
296 1395 334 1419 τε
366 1380 432 1419 καὶ
462 1381 585 1420 καλὸν
616 1382 859 1433 διαπεπραγ-
1044 1383 1202 1430 πάντως
1250 1382 1298 1422 οὐ
1347 1383 1481 1433 δήπου
1529 1384 1671 1423 τούτου
1721 1398 1763 1435 γε

79 1454 217 1506 μένος,
257 1456 302 1494 εἰ
340 1455 596 1495 ἀπέκτονέ
636 1472 691 1507 με
728 1472 761 1495 κ.
779 1473 808 1495 τ.
825 1460 858 1496 λ.
984 1456 1100 1497 ἕνεκα
1133 1457 1175 1496 οἱ
1203 1457 1286 1497 ἐκεῖ
1313 1457 1376 1496 ἀπ
1392 1458 1708 1497 οκτείνουσι.

138 1637 319 1681 Duobus
364 1637 471 1681 locis
517 1638 634 1695 apud
682 1638 911 1682 Platonem
953 1639 1024 1692 (39
1043 1640 1094 1689 D,
1138 1640 1195 1683 35
1213 1639 1268 1693 A)
1303 1640 1484 1683 verbum
1517 1640 1763 1679 ἀποκτείνειν

75 1712 359 1756 interficiendi
405 1729 540 1757 sensu
588 1713 727 1770 accipi
775 1719 939 1771 potest;
987 1714 1086 1758 aliis
1137 1714 1345 1758 omnibus
1391 1715 1501 1758 locis
1546 1713 1763 1770 significat

79 1792 244 1842 „morte
296 1788 526 1838 multare”‚
579 1788 747 1843 „facere
782 1793 826 1832 ut
858 1789 1019 1846 aliquis
1051 1795 1190 1834 morte
1223 1789 1498 1834 damnetur'’.
1532 1787 1596 1832 Eo
1629 1805 1763 1833 sensu

79 1862 211 1919 paulo
242 1862 386 1906 rarius
418 1863 664 1907 adhibetur.

134 1937 300 1982 Deinde
334 1939 416 1982 hoc
448 1954 623 1996 quoque
654 1938 1094 1983 animadvertendum
1127 1945 1191 1984 est
1224 1940 1450 1984 Socratem
1485 1939 1762 1984 Platonicum

75 2013 309 2056 identidem
342 2013 560 2057 iudicibus
594 2014 675 2057 hoc
707 2015 889 2058 verbum
917 2014 1110 2065 obicere;
1145 2016 1369 2059 Socratem
1389 2015 1761 2071 Xenophonleum

75 2087 118 2130 in
166 2088 398 2145 colloquiis
444 2104 543 2131 cum
575 2089 730 2133 amic-is
764 2089 805 2132 id
839 2089 1048 2133 adhibere
1083 2091 1135 2133 de
1168 2090 1268 2133 aliis
1305 2090 1574 2139 hominibus,
1608 2089 1765 2133 deinde

77 2163 128 2206 de
160 2167 298 2206 semet
331 2163 439 2219 ipso.

134 2237 242 2280 Mihi
287 2243 435 2282 autem
488 2238 558 2282 hic
604 2239 848 2283 rhetoricus
897 2240 1028 2283 huius
1066 2240 1187 2283 verbi
1222 2256 1330 2284 usus
1365 2240 1504 2297 magis
1537 2240 1680 2297 placet
1711 2241 1763 2284 de

77 2313 330 2356 hominibus
358 2313 443 2357 iam
477 2314 663 2357 mortuis
694 2329 825 2371 quam
859 2315 1003 2358 adhuc
1036 2315 1303 2359 viventibus.

138 2388 298 2431 Videor
330 2388 436 2431 mihi
469 2388 511 2431 in
544 2389 672 2445 Apol.
707 2390 815 2433 Plat.
849 2389 994 2446 ipsum
1027 2390 1255 2434 Platonem
1284 2390 1434 2434 audire
1451 2390 1526 2447 qui
1546 2390 1762 2434 iudicibus

77 2463 310 2519 exprobrat
342 2463 458 2520 quod
492 2463 718 2507 Socratem
751 2464 1080 2508 interfecerunt.

134 2656 177 2709 2)
207 2655 270 2699 De
297 2655 429 2700 verbo
467 2642 583 2713 quod
617 2661 683 2701 est
720 2661 926 2711 θορυβεῖν.

134 2805 326 2848 Verbum
359 2806 400 2849 in
441 2806 601 2849 iudicio
635 2806 813 2864 saepius
839 2807 1050 2851 usitatum
1078 2809 1194 2866 apud
1212 2814 1408 2854 oratores
1427 2826 1759 2868 nonnumquam

76 2879 251 2923 obviam
286 2880 331 2923 fit
361 2881 620 2924 offensionis
659 2883 927 2926 avertendae
970 2899 1120 2927 causa.
1159 2885 1287 2942 Apud
1327 2885 1438 2929 Plat.
1475 2892 1516 2929 et
1547 2886 1660 2930 Xen.
1694 2887 1761 2930 his

75 2954 181 2998 locis
216 2954 258 2998 in
290 2955 522 3014 Apologiis
554 2956 733 3014 legitur:
