<?xml version="1.0" encoding="UTF-8"?>
<!DOCTYPE html PUBLIC "-//W3C//DTD XHTML 1.0 Transitional//EN"
    "http://www.w3.org/TR/xhtml1/DTD/xhtml1-transitional.dtd">
<html xmlns="http://www.w3.org/1999/xhtml" xml:lang="en" lang="en">
 <head>
  <title>
</title>
<meta http-equiv="Content-Type" content="text/html;charset=utf-8" />
  <meta name='ocr-system' content='tesseract 3.04.00' />
  <meta name='ocr-capabilities' content='ocr_page ocr_carea ocr_par ocr_line ocrx_word'/>
</head>
<body>
  <div class='ocr_page' id='page_1' title='image "./deapologiaxenoph00vrijuoft_0070.png"; bbox 0 0 2019 3299; ppageno 0'>
   <div class='ocr_carea' id='block_1_1' title="bbox 1016 149 1126 194">
    <p class='ocr_par' dir='ltr' id='par_1_1' title="bbox 1016 149 1126 194">
     <span class='ocr_line' id='line_1_1' title="bbox 1016 149 1126 194; baseline 0.009 -1"><span class='ocrx_word' id='word_1_1' title='bbox 1016 149 1126 194; x_wconf 67' lang='lat'>&#39;46</span> 
     </span>
    </p>
   </div>
   <div class='ocr_carea' id='block_1_2' title="bbox 197 274 1945 1013">
    <p class='ocr_par' dir='ltr' id='par_1_2' title="bbox 197 274 1945 712">
     <span class='ocr_line' id='line_1_2' title="bbox 197 274 1936 332; baseline -0.002 -10"><span class='ocrx_word' id='word_1_2' title='bbox 197 324 200 329; x_wconf 71' lang='grc'><strong><em>,</em></strong></span> <span class='ocrx_word' id='word_1_3' title='bbox 255 282 399 321; x_wconf 86' lang='lat' dir='ltr'>noster</span> <span class='ocrx_word' id='word_1_4' title='bbox 440 277 500 320; x_wconf 90' lang='lat' dir='ltr'>ita</span> <span class='ocrx_word' id='word_1_5' title='bbox 542 275 892 332; x_wconf 85' lang='lat' dir='ltr'>interpretandus</span> <span class='ocrx_word' id='word_1_6' title='bbox 931 279 997 318; x_wconf 84' lang='lat' dir='ltr'>cst</span> <span class='ocrx_word' id='word_1_7' title='bbox 1029 279 1075 317; x_wconf 92' lang='lat' dir='ltr'>ut</span> <span class='ocrx_word' id='word_1_8' title='bbox 1106 290 1335 318; x_wconf 80' lang='lat' dir='ltr'>sumamus</span> <span class='ocrx_word' id='word_1_9' title='bbox 1368 274 1594 317; x_wconf 77' lang='lat' dir='ltr'>Socratem</span> <span class='ocrx_word' id='word_1_10' title='bbox 1625 274 1774 331; x_wconf 86' lang='lat' dir='ltr'>ipsum</span> <span class='ocrx_word' id='word_1_11' title='bbox 1806 276 1936 318; x_wconf 75' lang='lat' dir='ltr'>intel-</span> 
     </span>
     <span class='ocr_line' id='line_1_3' title="bbox 253 350 1945 409; baseline -0.004 -11"><span class='ocrx_word' id='word_1_12' title='bbox 253 357 427 398; x_wconf 70' lang='lat' dir='ltr'>lewisse</span> <span class='ocrx_word' id='word_1_13' title='bbox 457 369 504 396; x_wconf 82' lang='lat' dir='ltr'>se</span> <span class='ocrx_word' id='word_1_14' title='bbox 537 352 785 409; x_wconf 80' lang='lat' dir='ltr'>peccavisse</span> <span class='ocrx_word' id='word_1_15' title='bbox 820 352 887 395; x_wconf 88' lang='lat' dir='ltr'>vel</span> <span class='ocrx_word' id='word_1_16' title='bbox 925 367 976 394; x_wconf 85' lang='lat' dir='ltr'>ex</span> <span class='ocrx_word' id='word_1_17' title='bbox 1009 367 1060 394; x_wconf 87' lang='lat' dir='ltr'>co</span> <span class='ocrx_word' id='word_1_18' title='bbox 1093 351 1206 408; x_wconf 79' lang='lat' dir='ltr'>quod</span> <span class='ocrx_word' id='word_1_19' title='bbox 1240 350 1326 394; x_wconf 84' lang='lat' dir='ltr'>iam</span> <span class='ocrx_word' id='word_1_20' title='bbox 1364 350 1406 392; x_wconf 93' lang='lat' dir='ltr'>in</span> <span class='ocrx_word' id='word_1_21' title='bbox 1440 365 1641 393; x_wconf 79' lang='lat' dir='ltr'>sermone</span> <span class='ocrx_word' id='word_1_22' title='bbox 1674 350 1945 399; x_wconf 79' lang='lat' dir='ltr'>turbaretur,¹</span> 
     </span>
     <span class='ocr_line' id='line_1_4' title="bbox 253 424 1940 484; baseline -0.002 -12"><span class='ocrx_word' id='word_1_23' title='bbox 253 429 321 472; x_wconf 90' lang='lat' dir='ltr'>vel</span> <span class='ocrx_word' id='word_1_24' title='bbox 369 428 560 476; x_wconf 80' lang='lat' dir='ltr'>aliunde,</span> <span class='ocrx_word' id='word_1_25' title='bbox 609 426 738 484; x_wconf 81' lang='lat' dir='ltr'>igitur</span> <span class='ocrx_word' id='word_1_26' title='bbox 789 427 921 470; x_wconf 85' lang='lat' dir='ltr'>verba</span> <span class='ocrx_word' id='word_1_27' title='bbox 953 426 1134 469; x_wconf 82' lang='lat' dir='ltr'>laudata</span> <span class='ocrx_word' id='word_1_28' title='bbox 1168 428 1190 478; x_wconf 76' lang='grc' dir='ltr'>ἥ</span> <span class='ocrx_word' id='word_1_29' title='bbox 1229 443 1274 478; x_wconf 84' lang='grc' dir='ltr'>με</span> <span class='ocrx_word' id='word_1_30' title='bbox 1307 427 1380 466; x_wconf 83' lang='grc' dir='ltr'>οὐκ</span> <span class='ocrx_word' id='word_1_31' title='bbox 1411 431 1540 465; x_wconf 58' lang='lat' dir='ltr'>nm..</span> <span class='ocrx_word' id='word_1_32' title='bbox 1573 424 1711 481; x_wconf 86' lang='lat' dir='ltr'>ipsius</span> <span class='ocrx_word' id='word_1_33' title='bbox 1744 425 1940 469; x_wconf 82' lang='lat' dir='ltr'>Socratis</span> 
     </span>
     <span class='ocr_line' id='line_1_5' title="bbox 253 499 1939 559; baseline -0.002 -12"><span class='ocrx_word' id='word_1_34' title='bbox 253 503 515 547; x_wconf 86' lang='lat' dir='ltr'>sententiam</span> <span class='ocrx_word' id='word_1_35' title='bbox 562 502 736 552; x_wconf 87' lang='lat' dir='ltr'>referre,</span> <span class='ocrx_word' id='word_1_36' title='bbox 784 502 927 559; x_wconf 90' lang='lat' dir='ltr'>ipsum</span> <span class='ocrx_word' id='word_1_37' title='bbox 987 502 1212 545; x_wconf 78' lang='lat' dir='ltr'>Socratem</span> <span class='ocrx_word' id='word_1_38' title='bbox 1262 501 1532 544; x_wconf 88' lang='lat' dir='ltr'>voluntatem</span> <span class='ocrx_word' id='word_1_39' title='bbox 1581 499 1801 544; x_wconf 89' lang='lat' dir='ltr'>daemonii</span> <span class='ocrx_word' id='word_1_40' title='bbox 1848 515 1939 557; x_wconf 86' lang='lat' dir='ltr'>per-</span> 
     </span>
     <span class='ocr_line' id='line_1_6' title="bbox 254 576 1942 636; baseline -0.002 -14"><span class='ocrx_word' id='word_1_41' title='bbox 254 578 468 636; x_wconf 87' lang='lat' dir='ltr'>spexisse,</span> <span class='ocrx_word' id='word_1_42' title='bbox 511 582 552 621; x_wconf 88' lang='lat' dir='ltr'>et</span> <span class='ocrx_word' id='word_1_43' title='bbox 594 577 689 621; x_wconf 84' lang='lat' dir='ltr'>eius</span> <span class='ocrx_word' id='word_1_44' title='bbox 722 577 948 621; x_wconf 89' lang='lat' dir='ltr'>divinandi</span> <span class='ocrx_word' id='word_1_45' title='bbox 981 582 1118 621; x_wconf 85' lang='lat' dir='ltr'>artem</span> <span class='ocrx_word' id='word_1_46' title='bbox 1155 604 1205 608; x_wconf 90' lang='lat'>—-</span> <span class='ocrx_word' id='word_1_47' title='bbox 1241 579 1378 628; x_wconf 81' lang='grc' dir='ltr'><em>μάντις</em></span> <span class='ocrx_word' id='word_1_48' title='bbox 1414 603 1461 608; x_wconf 86' lang='lat'>—-</span> <span class='ocrx_word' id='word_1_49' title='bbox 1500 576 1542 619; x_wconf 91' lang='lat' dir='ltr'>in</span> <span class='ocrx_word' id='word_1_50' title='bbox 1581 591 1633 619; x_wconf 90' lang='lat' dir='ltr'>ea</span> <span class='ocrx_word' id='word_1_51' title='bbox 1662 591 1708 619; x_wconf 92' lang='lat' dir='ltr'>re</span> <span class='ocrx_word' id='word_1_52' title='bbox 1739 580 1942 620; x_wconf 82' lang='lat' dir='ltr'>constare</span> 
     </span>
     <span class='ocr_line' id='line_1_7' title="bbox 253 652 1358 712; baseline -0.003 -14"><span class='ocrx_word' id='word_1_53' title='bbox 253 655 367 712; x_wconf 86' lang='lat' dir='ltr'>quod</span> <span class='ocrx_word' id='word_1_54' title='bbox 402 654 673 697; x_wconf 84' lang='lat' dir='ltr'>voluntatem</span> <span class='ocrx_word' id='word_1_55' title='bbox 708 652 928 697; x_wconf 86' lang='lat' dir='ltr'>daemonii</span> <span class='ocrx_word' id='word_1_56' title='bbox 960 652 1158 696; x_wconf 88' lang='lat' dir='ltr'>divinare</span> <span class='ocrx_word' id='word_1_57' title='bbox 1192 657 1358 709; x_wconf 89' lang='lat' dir='ltr'>posset.</span> 
     </span>
    </p>

    <p class='ocr_par' dir='ltr' id='par_1_3' title="bbox 253 726 1940 1013">
     <span class='ocr_line' id='line_1_8' title="bbox 314 726 1940 786; baseline -0.002 -13"><span class='ocrx_word' id='word_1_58' title='bbox 314 730 421 774; x_wconf 86' lang='lat' dir='ltr'>Utut</span> <span class='ocrx_word' id='word_1_59' title='bbox 451 745 521 773; x_wconf 87' lang='lat' dir='ltr'>res</span> <span class='ocrx_word' id='word_1_60' title='bbox 554 745 600 773; x_wconf 80' lang='lat' dir='ltr'>sc</span> <span class='ocrx_word' id='word_1_61' title='bbox 633 730 777 779; x_wconf 89' lang='lat' dir='ltr'>habet,</span> <span class='ocrx_word' id='word_1_62' title='bbox 812 728 1179 786; x_wconf 86' lang='lat' dir='ltr'>deprehendimus</span> <span class='ocrx_word' id='word_1_63' title='bbox 1212 727 1444 784; x_wconf 77' lang='lat' dir='ltr'>vestigium</span> <span class='ocrx_word' id='word_1_64' title='bbox 1477 727 1592 784; x_wconf 85' lang='lat' dir='ltr'>quod</span> <span class='ocrx_word' id='word_1_65' title='bbox 1620 726 1747 770; x_wconf 89' lang='lat' dir='ltr'>nobis</span> <span class='ocrx_word' id='word_1_66' title='bbox 1779 726 1940 770; x_wconf 86' lang='lat' dir='ltr'>indicat</span> 
     </span>
     <span class='ocr_line' id='line_1_9' title="bbox 253 802 1939 863; baseline -0.002 -14"><span class='ocrx_word' id='word_1_67' title='bbox 253 810 295 849; x_wconf 85' lang='lat' dir='ltr'>et</span> <span class='ocrx_word' id='word_1_68' title='bbox 341 806 456 863; x_wconf 90' lang='lat' dir='ltr'>apud</span> <span class='ocrx_word' id='word_1_69' title='bbox 504 806 734 849; x_wconf 77' lang='lat' dir='ltr'>Platonem</span> <span class='ocrx_word' id='word_1_70' title='bbox 788 804 1069 849; x_wconf 87' lang='lat' dir='ltr'>daemonium</span> <span class='ocrx_word' id='word_1_71' title='bbox 1119 819 1205 847; x_wconf 91' lang='lat' dir='ltr'>non</span> <span class='ocrx_word' id='word_1_72' title='bbox 1253 804 1397 847; x_wconf 92' lang='lat' dir='ltr'>solum</span> <span class='ocrx_word' id='word_1_73' title='bbox 1447 802 1637 846; x_wconf 81' lang='lat' dir='ltr'>vetantis</span> <span class='ocrx_word' id='word_1_74' title='bbox 1684 802 1758 846; x_wconf 87' lang='lat' dir='ltr'>sed</span> <span class='ocrx_word' id='word_1_75' title='bbox 1806 802 1939 846; x_wconf 87' lang='lat' dir='ltr'>etiam</span> 
     </span>
     <span class='ocr_line' id='line_1_10' title="bbox 254 877 1939 938; baseline -0.002 -13"><span class='ocrx_word' id='word_1_76' title='bbox 254 881 528 925; x_wconf 78' lang='lat' dir='ltr'>adhortantis</span> <span class='ocrx_word' id='word_1_77' title='bbox 563 884 708 938; x_wconf 87' lang='lat' dir='ltr'>partes</span> <span class='ocrx_word' id='word_1_78' title='bbox 741 895 882 936; x_wconf 86' lang='lat' dir='ltr'>agere.</span> <span class='ocrx_word' id='word_1_79' title='bbox 912 880 1005 923; x_wconf 92' lang='lat' dir='ltr'>Hoc</span> <span class='ocrx_word' id='word_1_80' title='bbox 1033 879 1127 923; x_wconf 93' lang='lat' dir='ltr'>loco</span> <span class='ocrx_word' id='word_1_81' title='bbox 1155 879 1392 923; x_wconf 84' lang='lat' dir='ltr'>translucet</span> <span class='ocrx_word' id='word_1_82' title='bbox 1417 894 1557 936; x_wconf 83' lang='lat' dir='ltr'>neque</span> <span class='ocrx_word' id='word_1_83' title='bbox 1576 878 1693 936; x_wconf 90' lang='lat' dir='ltr'>apud</span> <span class='ocrx_word' id='word_1_84' title='bbox 1710 877 1939 922; x_wconf 89' lang='lat' dir='ltr'>Platonem</span> 
     </span>
     <span class='ocr_line' id='line_1_11' title="bbox 258 949 1321 1013; baseline -0.001 -14"><span class='ocrx_word' id='word_1_85' title='bbox 258 949 343 1000; x_wconf 82' lang='lat' dir='ltr'>vim</span> <span class='ocrx_word' id='word_1_86' title='bbox 377 956 638 1001; x_wconf 89' lang='lat' dir='ltr'>adhortandi</span> <span class='ocrx_word' id='word_1_87' title='bbox 670 955 876 1013; x_wconf 85' lang='lat' dir='ltr'>denegari</span> <span class='ocrx_word' id='word_1_88' title='bbox 911 971 1038 1013; x_wconf 89' lang='lat' dir='ltr'>posse</span> <span class='ocrx_word' id='word_1_89' title='bbox 1072 954 1321 999; x_wconf 88' lang='lat' dir='ltr'>daemonio.</span> 
     </span>
    </p>
   </div>
   <div class='ocr_carea' id='block_1_3' title="bbox 400 1234 1792 1342">
    <p class='ocr_par' dir='ltr' id='par_1_4' title="bbox 400 1234 1792 1342">
     <span class='ocr_line' id='line_1_12' title="bbox 400 1234 1792 1284; baseline -0.001 -11"><span class='ocrx_word' id='word_1_90' title='bbox 400 1238 424 1284; x_wconf 61' lang='grc' dir='ltr'>ξ</span> <span class='ocrx_word' id='word_1_91' title='bbox 454 1239 489 1273; x_wconf 87' lang='grc'>7.</span> <span class='ocrx_word' id='word_1_92' title='bbox 546 1235 651 1282; x_wconf 78' lang='lat' dir='ltr'>QUO</span> <span class='ocrx_word' id='word_1_93' title='bbox 680 1235 890 1273; x_wconf 87' lang='lat' dir='ltr'><strong>FACTUM</strong></span> <span class='ocrx_word' id='word_1_94' title='bbox 919 1235 998 1271; x_wconf 80' lang='lat' dir='ltr'>SIT</span> <span class='ocrx_word' id='word_1_95' title='bbox 1027 1235 1095 1272; x_wconf 88' lang='lat' dir='ltr'>UT</span> <span class='ocrx_word' id='word_1_96' title='bbox 1125 1234 1392 1272; x_wconf 79' lang='lat' dir='ltr'>SOCRATES</span> <span class='ocrx_word' id='word_1_97' title='bbox 1421 1235 1580 1271; x_wconf 86' lang='lat' dir='ltr'>ILLAM</span> <span class='ocrx_word' id='word_1_98' title='bbox 1609 1234 1792 1271; x_wconf 88' lang='lat' dir='ltr'>VOCEM</span> 
     </span>
     <span class='ocr_line' id='line_1_13' title="bbox 774 1304 1443 1342; baseline 0 -1"><span class='ocrx_word' id='word_1_99' title='bbox 774 1304 1090 1341; x_wconf 86' lang='lat' dir='ltr'>DAEMONIUM</span> <span class='ocrx_word' id='word_1_100' title='bbox 1121 1304 1443 1342; x_wconf 86' lang='lat' dir='ltr'>NOMINARET.</span> 
     </span>
    </p>
   </div>
   <div class='ocr_carea' id='block_1_4' title="bbox 258 1486 1999 2983">
    <p class='ocr_par' dir='ltr' id='par_1_5' title="bbox 258 1486 1948 2001">
     <span class='ocr_line' id='line_1_14' title="bbox 318 1486 1933 1548; baseline -0.001 -15"><span class='ocrx_word' id='word_1_101' title='bbox 318 1490 365 1534; x_wconf 93' lang='lat' dir='ltr'>Si</span> <span class='ocrx_word' id='word_1_102' title='bbox 407 1489 507 1548; x_wconf 90' lang='lat' dir='ltr'>quis</span> <span class='ocrx_word' id='word_1_103' title='bbox 549 1489 769 1532; x_wconf 84' lang='lat' dir='ltr'>interdum</span> <span class='ocrx_word' id='word_1_104' title='bbox 815 1504 964 1532; x_wconf 91' lang='lat' dir='ltr'>vocem</span> <span class='ocrx_word' id='word_1_105' title='bbox 1009 1488 1143 1539; x_wconf 83' lang='lat' dir='ltr'>audit,</span> <span class='ocrx_word' id='word_1_106' title='bbox 1187 1504 1371 1546; x_wconf 88' lang='lat' dir='ltr'>eamque</span> <span class='ocrx_word' id='word_1_107' title='bbox 1415 1503 1565 1544; x_wconf 87' lang='lat' dir='ltr'>vocem</span> <span class='ocrx_word' id='word_1_108' title='bbox 1597 1503 1624 1532; x_wconf 90' lang='lat' dir='ltr'>a</span> <span class='ocrx_word' id='word_1_109' title='bbox 1655 1488 1734 1531; x_wconf 90' lang='lat' dir='ltr'>deo</span> <span class='ocrx_word' id='word_1_110' title='bbox 1769 1486 1933 1536; x_wconf 89' lang='lat' dir='ltr'>venire,</span> 
     </span>
     <span class='ocr_line' id='line_1_15' title="bbox 258 1564 1936 1621; baseline -0.001 -12"><span class='ocrx_word' id='word_1_111' title='bbox 258 1566 451 1610; x_wconf 91' lang='lat' dir='ltr'>divinam</span> <span class='ocrx_word' id='word_1_112' title='bbox 506 1581 603 1609; x_wconf 88' lang='lat' dir='ltr'>esse</span> <span class='ocrx_word' id='word_1_113' title='bbox 656 1564 882 1621; x_wconf 83' lang='lat' dir='ltr'>intellegit,</span> <span class='ocrx_word' id='word_1_114' title='bbox 930 1564 998 1607; x_wconf 90' lang='lat' dir='ltr'>vel</span> <span class='ocrx_word' id='word_1_115' title='bbox 1046 1564 1129 1608; x_wconf 91' lang='lat' dir='ltr'>sibi</span> <span class='ocrx_word' id='word_1_116' title='bbox 1177 1564 1517 1621; x_wconf 83' lang='lat' dir='ltr'>intellegendum</span> <span class='ocrx_word' id='word_1_117' title='bbox 1565 1579 1662 1608; x_wconf 91' lang='lat' dir='ltr'>esse</span> <span class='ocrx_word' id='word_1_118' title='bbox 1708 1568 1847 1621; x_wconf 90' lang='lat' dir='ltr'>putat,</span> <span class='ocrx_word' id='word_1_119' title='bbox 1895 1567 1936 1606; x_wconf 81' lang='lat' dir='ltr'>et</span> 
     </span>
     <span class='ocr_line' id='line_1_16' title="bbox 258 1639 1944 1699; baseline -0.001 -14"><span class='ocrx_word' id='word_1_120' title='bbox 258 1647 486 1699; x_wconf 83' lang='lat' dir='ltr'>praeterea</span> <span class='ocrx_word' id='word_1_121' title='bbox 527 1640 765 1685; x_wconf 86' lang='lat' dir='ltr'>arbitratur</span> <span class='ocrx_word' id='word_1_122' title='bbox 806 1656 901 1685; x_wconf 90' lang='lat' dir='ltr'>eam</span> <span class='ocrx_word' id='word_1_123' title='bbox 944 1641 1120 1697; x_wconf 83' lang='lat' dir='ltr'>signum</span> <span class='ocrx_word' id='word_1_124' title='bbox 1163 1656 1261 1684; x_wconf 91' lang='lat' dir='ltr'>esse</span> <span class='ocrx_word' id='word_1_125' title='bbox 1302 1640 1499 1684; x_wconf 88' lang='lat' dir='ltr'>divinum</span> <span class='ocrx_word' id='word_1_126' title='bbox 1543 1640 1657 1698; x_wconf 91' lang='lat' dir='ltr'>quod</span> <span class='ocrx_word' id='word_1_127' title='bbox 1700 1655 1747 1684; x_wconf 90' lang='lat' dir='ltr'>se</span> <span class='ocrx_word' id='word_1_128' title='bbox 1779 1639 1944 1697; x_wconf 88' lang='lat' dir='ltr'>aliqua-</span> 
     </span>
     <span class='ocr_line' id='line_1_17' title="bbox 258 1714 1940 1774; baseline -0.002 -12"><span class='ocrx_word' id='word_1_129' title='bbox 258 1723 387 1762; x_wconf 88' lang='lat' dir='ltr'>tenus</span> <span class='ocrx_word' id='word_1_130' title='bbox 424 1718 652 1762; x_wconf 87' lang='lat' dir='ltr'>certiorem</span> <span class='ocrx_word' id='word_1_131' title='bbox 695 1716 799 1761; x_wconf 89' lang='lat' dir='ltr'>facit</span> <span class='ocrx_word' id='word_1_132' title='bbox 837 1717 888 1760; x_wconf 84' lang='lat' dir='ltr'>de</span> <span class='ocrx_word' id='word_1_133' title='bbox 931 1717 1062 1760; x_wconf 88' lang='lat' dir='ltr'>rebus</span> <span class='ocrx_word' id='word_1_134' title='bbox 1105 1716 1265 1760; x_wconf 87' lang='lat' dir='ltr'>futuris</span> <span class='ocrx_word' id='word_1_135' title='bbox 1297 1718 1610 1772; x_wconf 84' lang='grc' dir='ltr'><strong><em>(σημαίνειν),</em></strong></span> <span class='ocrx_word' id='word_1_136' title='bbox 1642 1731 1729 1774; x_wconf 91' lang='lat' dir='ltr'>quo</span> <span class='ocrx_word' id='word_1_137' title='bbox 1762 1714 1940 1759; x_wconf 85' lang='lat' dir='ltr'>nomine</span> 
     </span>
     <span class='ocr_line' id='line_1_18' title="bbox 260 1791 1945 1850; baseline -0.003 -12"><span class='ocrx_word' id='word_1_138' title='bbox 260 1794 367 1838; x_wconf 89' lang='lat' dir='ltr'>haec</span> <span class='ocrx_word' id='word_1_139' title='bbox 410 1809 493 1837; x_wconf 88' lang='lat' dir='ltr'>vox</span> <span class='ocrx_word' id='word_1_140' title='bbox 536 1793 574 1837; x_wconf 89' lang='lat' dir='ltr'>ei</span> <span class='ocrx_word' id='word_1_141' title='bbox 605 1792 877 1837; x_wconf 87' lang='lat' dir='ltr'>nominanda</span> <span class='ocrx_word' id='word_1_142' title='bbox 908 1793 1011 1835; x_wconf 78' lang='lat' dir='ltr'>est?</span> <span class='ocrx_word' id='word_1_143' title='bbox 1044 1791 1210 1836; x_wconf 88' lang='lat' dir='ltr'>Dixerit</span> <span class='ocrx_word' id='word_1_144' title='bbox 1242 1792 1402 1850; x_wconf 88' lang='lat' dir='ltr'>aliquis</span> <span class='ocrx_word' id='word_1_145' title='bbox 1435 1796 1536 1850; x_wconf 87' lang='lat' dir='ltr'>apte</span> <span class='ocrx_word' id='word_1_146' title='bbox 1568 1791 1781 1849; x_wconf 86' lang='lat' dir='ltr'>appellari</span> <span class='ocrx_word' id='word_1_147' title='bbox 1813 1805 1945 1848; x_wconf 83' lang='lat' dir='ltr'>posse</span> 
     </span>
     <span class='ocr_line' id='line_1_19' title="bbox 259 1865 1948 1924; baseline -0.001 -14"><span class='ocrx_word' id='word_1_148' title='bbox 259 1871 302 1911; x_wconf 84' lang='grc' dir='ltr'>τὸ</span> <span class='ocrx_word' id='word_1_149' title='bbox 343 1876 494 1911; x_wconf 82' lang='grc' dir='ltr'><em>θεῖον</em></span> <span class='ocrx_word' id='word_1_150' title='bbox 539 1874 774 1921; x_wconf 81' lang='grc' dir='ltr'><em>σημεῖον.</em></span> <span class='ocrx_word' id='word_1_151' title='bbox 816 1867 870 1911; x_wconf 89' lang='lat' dir='ltr'>Et</span> <span class='ocrx_word' id='word_1_152' title='bbox 912 1883 957 1911; x_wconf 87' lang='lat' dir='ltr'>re</span> <span class='ocrx_word' id='word_1_153' title='bbox 1003 1883 1107 1912; x_wconf 89' lang='lat' dir='ltr'>vera</span> <span class='ocrx_word' id='word_1_154' title='bbox 1149 1868 1211 1912; x_wconf 78' lang='lat' dir='ltr'>ita</span> <span class='ocrx_word' id='word_1_155' title='bbox 1242 1867 1494 1912; x_wconf 90' lang='lat' dir='ltr'>nominatur</span> <span class='ocrx_word' id='word_1_156' title='bbox 1526 1867 1640 1924; x_wconf 89' lang='lat' dir='ltr'>apud</span> <span class='ocrx_word' id='word_1_157' title='bbox 1674 1866 1786 1910; x_wconf 86' lang='lat' dir='ltr'>Plat.</span> <span class='ocrx_word' id='word_1_158' title='bbox 1819 1865 1948 1921; x_wconf 90' lang='lat' dir='ltr'>Apol.</span> 
     </span>
     <span class='ocr_line' id='line_1_20' title="bbox 258 1943 1428 2001; baseline -0.004 -12"><span class='ocrx_word' id='word_1_159' title='bbox 258 1945 316 1989; x_wconf 76' lang='grc'>40</span> <span class='ocrx_word' id='word_1_160' title='bbox 336 1945 386 1989; x_wconf 89' lang='grc' dir='ltr'>Β,</span> <span class='ocrx_word' id='word_1_161' title='bbox 421 1944 539 1988; x_wconf 78' lang='lat' dir='ltr'>Alibi</span> <span class='ocrx_word' id='word_1_162' title='bbox 577 1944 709 2001; x_wconf 82' lang='lat' dir='ltr'>Resp.</span> <span class='ocrx_word' id='word_1_163' title='bbox 743 1943 830 1988; x_wconf 75' lang='grc'>496</span> <span class='ocrx_word' id='word_1_164' title='bbox 850 1943 897 1987; x_wconf 84' lang='lat' dir='ltr'>C.</span> <span class='ocrx_word' id='word_1_165' title='bbox 932 1946 973 1985; x_wconf 83' lang='grc' dir='ltr'>τὸ</span> <span class='ocrx_word' id='word_1_166' title='bbox 1008 1946 1220 1996; x_wconf 81' lang='grc' dir='ltr'><strong><em>δαιμόνιον</em></strong></span> <span class='ocrx_word' id='word_1_167' title='bbox 1253 1950 1428 1997; x_wconf 80' lang='grc' dir='ltr'><em>σημεῖον.</em></span> 
     </span>
    </p>

    <p class='ocr_par' dir='ltr' id='par_1_6' title="bbox 258 2016 1999 2983">
     <span class='ocr_line' id='line_1_21' title="bbox 322 2016 1948 2076; baseline -0.002 -12"><span class='ocrx_word' id='word_1_168' title='bbox 322 2020 737 2065; x_wconf 88' lang='lat' dir='ltr'>Demonstrabimus</span> <span class='ocrx_word' id='word_1_169' title='bbox 764 2019 869 2074; x_wconf 91' lang='lat' dir='ltr'>(vid.</span> <span class='ocrx_word' id='word_1_170' title='bbox 900 2019 1014 2063; x_wconf 86' lang='lat' dir='ltr'>infra.</span> <span class='ocrx_word' id='word_1_171' title='bbox 1031 2018 1058 2075; x_wconf 59' lang='grc' dir='ltr'><strong>ἓ</strong></span> <span class='ocrx_word' id='word_1_172' title='bbox 1078 2020 1119 2073; x_wconf 83' lang='grc'>8)</span> <span class='ocrx_word' id='word_1_173' title='bbox 1136 2019 1330 2063; x_wconf 87' lang='lat' dir='ltr'>Socratis</span> <span class='ocrx_word' id='word_1_174' title='bbox 1348 2018 1554 2076; x_wconf 88' lang='lat' dir='ltr'>opinione</span> <span class='ocrx_word' id='word_1_175' title='bbox 1573 2019 1676 2062; x_wconf 89' lang='lat' dir='ltr'>deos</span> <span class='ocrx_word' id='word_1_176' title='bbox 1694 2016 1948 2061; x_wconf 85' lang='lat' dir='ltr'>hominibus</span> 
     </span>
     <span class='ocr_line' id='line_1_22' title="bbox 259 2092 1950 2154; baseline -0.002 -14"><span class='ocrx_word' id='word_1_177' title='bbox 259 2097 523 2154; x_wconf 90' lang='lat' dir='ltr'>ubicumque</span> <span class='ocrx_word' id='word_1_178' title='bbox 567 2100 606 2139; x_wconf 88' lang='lat' dir='ltr'>et</span> <span class='ocrx_word' id='word_1_179' title='bbox 651 2111 823 2153; x_wconf 89' lang='lat' dir='ltr'>semper</span> <span class='ocrx_word' id='word_1_180' title='bbox 865 2095 1020 2139; x_wconf 87' lang='lat' dir='ltr'>adesse</span> <span class='ocrx_word' id='word_1_181' title='bbox 1068 2100 1108 2139; x_wconf 88' lang='lat' dir='ltr'>et</span> <span class='ocrx_word' id='word_1_182' title='bbox 1151 2095 1411 2139; x_wconf 87' lang='lat' dir='ltr'>denuntiare</span> <span class='ocrx_word' id='word_1_183' title='bbox 1453 2094 1555 2152; x_wconf 87' lang='lat' dir='ltr'>quid</span> <span class='ocrx_word' id='word_1_184' title='bbox 1598 2093 1846 2138; x_wconf 89' lang='lat' dir='ltr'>faciendum</span> <span class='ocrx_word' id='word_1_185' title='bbox 1880 2092 1950 2136; x_wconf 90' lang='lat' dir='ltr'>sit.</span> 
     </span>
     <span class='ocr_line' id='line_1_23' title="bbox 259 2168 1948 2229; baseline -0.004 -12"><span class='ocrx_word' id='word_1_186' title='bbox 259 2173 463 2217; x_wconf 85' lang='lat' dir='ltr'>Socrates</span> <span class='ocrx_word' id='word_1_187' title='bbox 510 2187 683 2229; x_wconf 87' lang='lat' dir='ltr'>quoque</span> <span class='ocrx_word' id='word_1_188' title='bbox 730 2173 836 2227; x_wconf 79' lang='grc' dir='ltr'><em>πάσῃ</em></span> <span class='ocrx_word' id='word_1_189' title='bbox 883 2180 1066 2227; x_wconf 78' lang='grc' dir='ltr'><em>μαντικῇ,</em></span> <span class='ocrx_word' id='word_1_190' title='bbox 1113 2171 1309 2228; x_wconf 87' lang='lat' dir='ltr'>spectris,</span> <span class='ocrx_word' id='word_1_191' title='bbox 1359 2170 1559 2220; x_wconf 89' lang='lat' dir='ltr'>somniis,</span> <span class='ocrx_word' id='word_1_192' title='bbox 1607 2170 1683 2213; x_wconf 93' lang='lat' dir='ltr'>sed</span> <span class='ocrx_word' id='word_1_193' title='bbox 1732 2168 1948 2226; x_wconf 88' lang='lat' dir='ltr'>imprimis</span> 
     </span>
     <span class='ocr_line' id='line_1_24' title="bbox 260 2245 1950 2304; baseline -0.002 -12"><span class='ocrx_word' id='word_1_194' title='bbox 260 2247 494 2293; x_wconf 89' lang='lat' dir='ltr'>daemonio</span> <span class='ocrx_word' id='word_1_195' title='bbox 538 2246 907 2304; x_wconf 83' lang='lat' dir='ltr'>praemonebatur</span> <span class='ocrx_word' id='word_1_196' title='bbox 948 2262 975 2290; x_wconf 91' lang='lat' dir='ltr'>a</span> <span class='ocrx_word' id='word_1_197' title='bbox 1010 2246 1117 2290; x_wconf 88' lang='lat' dir='ltr'>deis.</span> <span class='ocrx_word' id='word_1_198' title='bbox 1148 2246 1196 2289; x_wconf 90' lang='lat' dir='ltr'>In</span> <span class='ocrx_word' id='word_1_199' title='bbox 1230 2246 1320 2290; x_wconf 84' lang='lat' dir='ltr'>vita</span> <span class='ocrx_word' id='word_1_200' title='bbox 1351 2245 1613 2303; x_wconf 84' lang='lat' dir='ltr'>quotidiana</span> <span class='ocrx_word' id='word_1_201' title='bbox 1644 2245 1845 2288; x_wconf 92' lang='lat' dir='ltr'>homines</span> <span class='ocrx_word' id='word_1_202' title='bbox 1877 2260 1950 2289; x_wconf 90' lang='lat' dir='ltr'>an-</span> 
     </span>
     <span class='ocr_line' id='line_1_25' title="bbox 258 2320 1951 2382; baseline -0.003 -14"><span class='ocrx_word' id='word_1_203' title='bbox 258 2324 470 2382; x_wconf 86' lang='lat' dir='ltr'>tiquiores</span> <span class='ocrx_word' id='word_1_204' title='bbox 513 2323 748 2372; x_wconf 87' lang='lat' dir='ltr'>habebant,</span> <span class='ocrx_word' id='word_1_205' title='bbox 793 2322 861 2365; x_wconf 86' lang='lat' dir='ltr'>vel</span> <span class='ocrx_word' id='word_1_206' title='bbox 904 2322 1066 2366; x_wconf 89' lang='lat' dir='ltr'>habere</span> <span class='ocrx_word' id='word_1_207' title='bbox 1108 2337 1154 2365; x_wconf 93' lang='lat' dir='ltr'>se</span> <span class='ocrx_word' id='word_1_208' title='bbox 1197 2322 1540 2371; x_wconf 85' lang='lat' dir='ltr'>arbitrabantur,</span> <span class='ocrx_word' id='word_1_209' title='bbox 1573 2323 1639 2362; x_wconf 81' lang='grc' dir='ltr'>τὸν</span> <span class='ocrx_word' id='word_1_210' title='bbox 1672 2323 1855 2373; x_wconf 76' lang='grc' dir='ltr'><strong><em>δαίμονα.</em></strong></span> <span class='ocrx_word' id='word_1_211' title='bbox 1889 2320 1951 2363; x_wconf 86' lang='lat' dir='ltr'>De</span> 
     </span>
     <span class='ocr_line' id='line_1_26' title="bbox 260 2395 1947 2456; baseline -0.003 -12"><span class='ocrx_word' id='word_1_212' title='bbox 260 2400 474 2444; x_wconf 87' lang='lat' dir='ltr'>daemone</span> <span class='ocrx_word' id='word_1_213' title='bbox 517 2399 813 2456; x_wconf 81' lang='lat' dir='ltr'>loquebantur</span> <span class='ocrx_word' id='word_1_214' title='bbox 859 2397 1013 2442; x_wconf 86' lang='lat' dir='ltr'>Graeci</span> <span class='ocrx_word' id='word_1_215' title='bbox 1056 2397 1257 2441; x_wconf 84' lang='lat' dir='ltr'>similiter</span> <span class='ocrx_word' id='word_1_216' title='bbox 1299 2403 1431 2455; x_wconf 87' lang='lat' dir='ltr'>atque</span> <span class='ocrx_word' id='word_1_217' title='bbox 1478 2396 1668 2440; x_wconf 87' lang='lat' dir='ltr'>Romani</span> <span class='ocrx_word' id='word_1_218' title='bbox 1711 2396 1762 2440; x_wconf 88' lang='lat' dir='ltr'>de</span> <span class='ocrx_word' id='word_1_219' title='bbox 1804 2395 1947 2453; x_wconf 86' lang='lat' dir='ltr'>genio.</span> 
     </span>
     <span class='ocr_line' id='line_1_27' title="bbox 262 2471 1952 2531; baseline -0.004 -12"><span class='ocrx_word' id='word_1_220' title='bbox 262 2475 315 2519; x_wconf 87' lang='lat' dir='ltr'>cf.</span> <span class='ocrx_word' id='word_1_221' title='bbox 349 2474 574 2531; x_wconf 81' lang='lat' dir='ltr'>Theognis</span> <span class='ocrx_word' id='word_1_222' title='bbox 611 2474 717 2517; x_wconf 78' lang='lat'>161:</span> <span class='ocrx_word' id='word_1_223' title='bbox 751 2475 893 2515; x_wconf 81' lang='grc' dir='ltr'><em>πολλοί</em></span> <span class='ocrx_word' id='word_1_224' title='bbox 920 2491 977 2514; x_wconf 88' lang='grc' dir='ltr'>τοι</span> <span class='ocrx_word' id='word_1_225' title='bbox 1011 2482 1179 2526; x_wconf 83' lang='grc' dir='ltr'><strong><em>χρῶνται</em></strong></span> <span class='ocrx_word' id='word_1_226' title='bbox 1206 2476 1368 2523; x_wconf 77' lang='grc' dir='ltr'><em>δειλιαῐς</em></span> <span class='ocrx_word' id='word_1_227' title='bbox 1396 2476 1524 2526; x_wconf 81' lang='grc' dir='ltr'><em>φρεσί,</em></span> <span class='ocrx_word' id='word_1_228' title='bbox 1552 2475 1712 2525; x_wconf 81' lang='grc' dir='ltr'><em>δαίμονι</em></span> <span class='ocrx_word' id='word_1_229' title='bbox 1740 2471 1780 2513; x_wconf 82' lang='grc' dir='ltr'>δ’</span> <span class='ocrx_word' id='word_1_230' title='bbox 1811 2473 1952 2528; x_wconf 82' lang='grc' dir='ltr'><em>ἐσθλῷ.</em></span> 
     </span>
     <span class='ocr_line' id='line_1_28' title="bbox 263 2532 1951 2601; baseline -0.002 -7"><span class='ocrx_word' id='word_1_231' title='bbox 263 2556 303 2595; x_wconf 79' lang='lat' dir='ltr'>et</span> <span class='ocrx_word' id='word_1_232' title='bbox 350 2550 568 2594; x_wconf 83' lang='lat' dir='ltr'>Pindarus</span> <span class='ocrx_word' id='word_1_233' title='bbox 616 2549 682 2593; x_wconf 89' lang='lat' dir='ltr'>Ol.</span> <span class='ocrx_word' id='word_1_234' title='bbox 731 2548 854 2592; x_wconf 86' lang='lat' dir='ltr'>XIII.</span> <span class='ocrx_word' id='word_1_235' title='bbox 905 2549 984 2592; x_wconf 76' lang='lat'>28:</span> <span class='ocrx_word' id='word_1_236' title='bbox 1031 2549 1288 2599; x_wconf 82' lang='grc' dir='ltr'><strong><em>Ξενοφῶντος</em></strong></span> <span class='ocrx_word' id='word_1_237' title='bbox 1327 2532 1476 2590; x_wconf 55' lang='grc' dir='ltr'><strong>εὕθυνὲ</strong></span> <span class='ocrx_word' id='word_1_238' title='bbox 1509 2550 1700 2600; x_wconf 80' lang='grc' dir='ltr'><strong><em>δαίμονος</em></strong></span> <span class='ocrx_word' id='word_1_239' title='bbox 1730 2544 1868 2601; x_wconf 76' lang='grc' dir='ltr'><em>οὖρον,</em></span> <span class='ocrx_word' id='word_1_240' title='bbox 1897 2546 1951 2590; x_wconf 81' lang='lat' dir='ltr'>ad</span> 
     </span>
     <span class='ocr_line' id='line_1_29' title="bbox 263 2611 1999 2684; baseline -0.002 -15"><span class='ocrx_word' id='word_1_241' title='bbox 263 2642 391 2684; x_wconf 88' lang='lat' dir='ltr'>quem</span> <span class='ocrx_word' id='word_1_242' title='bbox 448 2626 590 2669; x_wconf 91' lang='lat' dir='ltr'>locum</span> <span class='ocrx_word' id='word_1_243' title='bbox 640 2625 900 2675; x_wconf 85' lang='lat' dir='ltr'>Scholiasta</span> <span class='ocrx_word' id='word_1_244' title='bbox 939 2624 1144 2668; x_wconf 85' lang='lat' dir='ltr'>adnotat:</span> <span class='ocrx_word' id='word_1_245' title='bbox 1192 2626 1234 2665; x_wconf 83' lang='grc' dir='ltr'>τὸ</span> <span class='ocrx_word' id='word_1_246' title='bbox 1287 2623 1574 2678; x_wconf 78' lang='grc' dir='ltr'><em>συγκληρωθὲν</em></span> <span class='ocrx_word' id='word_1_247' title='bbox 1620 2625 1843 2676; x_wconf 83' lang='grc' dir='ltr'><strong><em>δαιμόνιον.</em></strong></span> <span class='ocrx_word' id='word_1_248' title='bbox 1880 2621 1950 2676; x_wconf 90' lang='lat' dir='ltr'>(cf.</span> <span class='ocrx_word' id='word_1_249' title='bbox 1996 2611 1999 2615; x_wconf 94' lang='lat'><em>.</em></span> 
     </span>
     <span class='ocr_line' id='line_1_30' title="bbox 261 2697 1949 2760; baseline -0.004 -14"><span class='ocrx_word' id='word_1_250' title='bbox 261 2707 487 2760; x_wconf 87' lang='lat' dir='ltr'>praeterea</span> <span class='ocrx_word' id='word_1_251' title='bbox 519 2701 739 2745; x_wconf 89' lang='lat' dir='ltr'>Plutarch.</span> <span class='ocrx_word' id='word_1_252' title='bbox 773 2701 825 2743; x_wconf 93' lang='lat' dir='ltr'>de</span> <span class='ocrx_word' id='word_1_253' title='bbox 858 2700 999 2744; x_wconf 90' lang='lat' dir='ltr'>Genio</span> <span class='ocrx_word' id='word_1_254' title='bbox 1035 2700 1185 2749; x_wconf 76' lang='lat' dir='ltr'>Socr.).</span> <span class='ocrx_word' id='word_1_255' title='bbox 1223 2700 1336 2743; x_wconf 89' lang='lat' dir='ltr'>Hinc</span> <span class='ocrx_word' id='word_1_256' title='bbox 1364 2699 1489 2749; x_wconf 85' lang='lat' dir='ltr'>satis,</span> <span class='ocrx_word' id='word_1_257' title='bbox 1518 2703 1565 2743; x_wconf 90' lang='lat' dir='ltr'>ut</span> <span class='ocrx_word' id='word_1_258' title='bbox 1593 2698 1760 2756; x_wconf 91' lang='lat' dir='ltr'>opinor,</span> <span class='ocrx_word' id='word_1_259' title='bbox 1789 2697 1949 2755; x_wconf 89' lang='lat' dir='ltr'>perspi-</span> 
     </span>
     <span class='ocr_line' id='line_1_31' title="bbox 263 2773 1950 2834; baseline -0.003 -13"><span class='ocrx_word' id='word_1_260' title='bbox 263 2793 393 2822; x_wconf 90' lang='lat' dir='ltr'>cuum</span> <span class='ocrx_word' id='word_1_261' title='bbox 436 2777 481 2820; x_wconf 84' lang='lat' dir='ltr'>fit</span> <span class='ocrx_word' id='word_1_262' title='bbox 524 2792 611 2834; x_wconf 89' lang='lat' dir='ltr'>qua</span> <span class='ocrx_word' id='word_1_263' title='bbox 652 2792 697 2819; x_wconf 83' lang='lat' dir='ltr'>re</span> <span class='ocrx_word' id='word_1_264' title='bbox 742 2777 947 2820; x_wconf 81' lang='lat' dir='ltr'>Socrates</span> <span class='ocrx_word' id='word_1_265' title='bbox 991 2791 1141 2819; x_wconf 88' lang='lat' dir='ltr'>vocem</span> <span class='ocrx_word' id='word_1_266' title='bbox 1175 2775 1295 2819; x_wconf 91' lang='lat' dir='ltr'>illam</span> <span class='ocrx_word' id='word_1_267' title='bbox 1330 2775 1610 2819; x_wconf 87' lang='lat' dir='ltr'>daemonium</span> <span class='ocrx_word' id='word_1_268' title='bbox 1645 2773 1950 2822; x_wconf 85' lang='lat' dir='ltr'>nominaverit,</span> 
     </span>
     <span class='ocr_line' id='line_1_32' title="bbox 264 2850 1950 2910; baseline -0.002 -14"><span class='ocrx_word' id='word_1_269' title='bbox 264 2852 479 2910; x_wconf 89' lang='lat' dir='ltr'>imprimis</span> <span class='ocrx_word' id='word_1_270' title='bbox 521 2852 557 2894; x_wconf 92' lang='lat' dir='ltr'>si</span> <span class='ocrx_word' id='word_1_271' title='bbox 597 2855 720 2908; x_wconf 79' lang='lat' dir='ltr'>foris</span> <span class='ocrx_word' id='word_1_272' title='bbox 752 2851 1027 2895; x_wconf 84' lang='lat' dir='ltr'>audiebatur.</span> <span class='ocrx_word' id='word_1_273' title='bbox 1061 2851 1234 2894; x_wconf 87' lang='lat' dir='ltr'>Etenim</span> <span class='ocrx_word' id='word_1_274' title='bbox 1269 2851 1506 2895; x_wconf 86' lang='lat' dir='ltr'>daemones</span> <span class='ocrx_word' id='word_1_275' title='bbox 1539 2850 1817 2907; x_wconf 85' lang='lat' dir='ltr'>aliquatenus</span> <span class='ocrx_word' id='word_1_276' title='bbox 1850 2852 1950 2892; x_wconf 85' lang='lat' dir='ltr'>sunt</span> 
     </span>
     <span class='ocr_line' id='line_1_33' title="bbox 263 2918 1948 2983; baseline -0.003 -11"><span class='ocrx_word' id='word_1_277' title='bbox 263 2929 446 2972; x_wconf 89' lang='lat' dir='ltr'>comites</span> <span class='ocrx_word' id='word_1_278' title='bbox 499 2927 750 2971; x_wconf 88' lang='lat' dir='ltr'>hominibus</span> <span class='ocrx_word' id='word_1_279' title='bbox 800 2918 841 2970; x_wconf 86' lang='lat' dir='ltr'>in</span> <span class='ocrx_word' id='word_1_280' title='bbox 893 2927 1007 2970; x_wconf 86' lang='lat' dir='ltr'>vitae</span> <span class='ocrx_word' id='word_1_281' title='bbox 1052 2927 1145 2976; x_wconf 91' lang='lat' dir='ltr'>via;</span> <span class='ocrx_word' id='word_1_282' title='bbox 1190 2926 1250 2970; x_wconf 87' lang='lat' dir='ltr'>ita</span> <span class='ocrx_word' id='word_1_283' title='bbox 1293 2942 1466 2983; x_wconf 85' lang='lat' dir='ltr'>quoque</span> <span class='ocrx_word' id='word_1_284' title='bbox 1500 2926 1575 2969; x_wconf 91' lang='lat' dir='ltr'>illa</span> <span class='ocrx_word' id='word_1_285' title='bbox 1608 2941 1690 2968; x_wconf 90' lang='lat' dir='ltr'>vox</span> <span class='ocrx_word' id='word_1_286' title='bbox 1723 2925 1948 2969; x_wconf 86' lang='lat' dir='ltr'>Socratem</span> 
     </span>
    </p>
   </div>
  </div>
 </body>
</html>
