2019 3299
1026 172 1082 214 42

212 297 373 347 omina,
410 296 629 344 mandata,
665 296 797 344 iussa,
832 312 944 353 quae
977 312 1003 339 a
1041 296 1119 339 deo
1153 295 1406 339 hominibus
1438 296 1610 345 dantur,
1647 296 1776 352 vulgo
1806 296 1895 340 bre·

215 373 323 416 viter
353 373 600 416 indicantur
633 388 774 429 neque
806 372 936 415 nimis
969 371 1199 429 perspicua
1231 387 1327 414 esse
1353 371 1509 415 solent.
1537 371 1898 429 Interpretatione

213 464 323 505 opus
351 452 427 491 est.
457 447 564 491 Eam
595 447 792 490 ominum
814 474 863 478 —
886 448 966 490 hoc
993 447 1088 490 loco
1117 462 1242 490 omen
1268 452 1333 490 est
1351 446 1629 490 daemonium
1648 447 1822 504 signum
1842 470 1892 475 —

211 522 612 580 interpretationem
647 527 685 565 et
718 522 1053 579 explicationem
1088 521 1238 566 anima
1268 521 1464 565 invenire
1502 522 1719 566 studebat.

272 598 549 656 Quamquam
578 598 646 641 hic
672 598 795 641 locus
824 598 1045 654 singulare
1064 597 1166 655 quid
1187 597 1330 648 habet,
1350 601 1397 641 ut
1415 602 1568 654 postea
1587 597 1832 641 videbimus
1854 596 1895 644 ¹).

271 674 379 718 Utut
420 679 566 718 autem
608 690 676 718 res
718 690 764 718 se
809 675 952 725 habet,
996 680 1148 719 nostra
1185 675 1405 719 sententia
1436 675 1641 720 Socrates
1674 680 1740 720 est
1774 680 1896 720 vates

205 764 293 805 per
323 753 642 800 daemonium,
678 755 717 793 et
750 750 946 794 Socratis
979 750 1205 794 divinandi
1240 750 1426 795 facultas
1459 751 1611 795 nititur
1633 754 1894 797 daemonio.

213 825 307 868 Hoc
354 826 655 869 demonstrare
703 842 950 883 pergamus.
1000 826 1177 870 Praeter
1218 826 1361 869 locum
1395 826 1437 869 in
1472 826 1717 884 Euthyphr.
1749 827 1897 877 3BC„

211 917 297 958 quo
329 901 536 945 alluditur
567 902 620 945 ad
655 901 849 946 Socratis
881 902 1108 946 divinandi
1140 906 1292 952 artem,
1332 902 1465 945 alium
1506 902 1653 959 magni
1686 903 1896 946 momenti
1931 893 1934 897 i

209 978 561 1033 componendum
609 993 705 1021 esse
750 983 868 1035 puto,
917 978 1013 1021 dico
1047 978 1238 1027 Phaedo‚
1272 978 1329 1021 84
1346 977 1393 1021 E.
1429 977 1502 1021 ubi
1536 993 1634 1021 curn
1667 978 1816 1035 cycnis
1848 994 1895 1022 se

209 1058 433 1110 comparat
466 1053 693 1097 Socrates:
729 1054 780 1102 ὡς
812 1055 927 1103 ἔοικε,
959 1063 1034 1094 τῶν
1066 1057 1225 1095 κύκνων
1259 1056 1363 1094 δοκῶ
1395 1057 1638 1106 φαυλότερος
1671 1055 1766 1105 ὑμῖν
1793 1051 1896 1094 εἶναι

209 1130 298 1180 τὴν
330 1131 609 1181 μαντικήν,
636 1132 675 1170 οἳ
704 1130 866 1169 ἐπειδὰν
898 1131 1117 1170 αἴσθωνται
1152 1131 1209 1170 ὅτι
1242 1132 1306 1170 δεῖ
1332 1131 1480 1178 αὐτοὺς
1512 1129 1740 1170 ἀποθανεῖν
1765 1134 1894 1170 unni..

209 1204 309 1247 Non
353 1209 495 1261 potest
537 1220 622 1247 non
662 1204 819 1262 respici
852 1204 970 1248 hisce
1005 1204 1148 1248 verbis
1181 1204 1476 1248 daemonium.
1510 1203 1646 1262 Cycni
1677 1204 1897 1249 laetantur

209 1295 307 1322 cum
340 1279 528 1336 primum
561 1280 818 1337 intellegunt
851 1285 1035 1336 mortem
1069 1280 1249 1324 instare.
1283 1280 1406 1324 Haec
1432 1296 1589 1342 eorum
1623 1282 1791 1332 μαντική
1817 1280 1896 1324 est.

208 1355 450 1399 Daemonio
488 1360 659 1399 tacente
700 1355 844 1412 (Apol.
879 1355 990 1400 Plat.
1023 1356 1081 1400 40
1098 1355 1189 1409 AC)
1223 1356 1290 1399 vel
1325 1360 1502 1400 vetante
1532 1355 1676 1413 (Apol.
1709 1355 1821 1399 Xen.
1854 1355 1897 1398 4.

208 1431 273 1475 Cf.
316 1431 447 1475 Mem.
490 1432 565 1476 IV.
599 1433 639 1476 8.
673 1432 715 1486 5)
747 1432 954 1475 Socrates
995 1447 1168 1489 quoque
1204 1431 1414 1476 intellexit
1446 1436 1630 1475 mortem
1665 1430 1897 1488 appropin-

207 1523 355 1564 quare.
389 1508 490 1551 Non
524 1523 577 1551 ea
608 1523 653 1551 re
680 1512 867 1551 terretur
898 1523 1039 1565 neque
1070 1508 1317 1558 terrebitur,
1350 1507 1485 1551 immo
1518 1508 1730 1551 laetatur:
1758 1509 1805 1548 οὐ
1823 1509 1897 1561 γὰρ

206 1582 289 1624 ἔσθ’
335 1585 440 1632 ὅπως
482 1586 555 1625 οὐκ
598 1585 831 1636 ἠναντιώθη
874 1585 923 1624 ἄν
956 1602 1022 1636 μοι
1054 1585 1095 1624 τὸ
1128 1586 1272 1633 εἰωθὸς
1309 1589 1489 1637 σημεῖον,
1519 1586 1551 1624 εἰ
1583 1585 1636 1636 μή
1668 1600 1701 1622 τι
1734 1583 1896 1635 ἔμελλον

206 1659 279 1713 ἐγὼ
324 1660 482 1713 ἀγαθὸν
527 1662 704 1712 πράξειν.
752 1659 888 1716 Igitur
934 1659 977 1703 in
1026 1660 1109 1703 hac
1157 1676 1254 1703 cum
1300 1659 1449 1717 cycnis
1491 1657 1818 1717 comparatione
1849 1667 1895 1716 τῇ

205 1738 373 1790 μαντικῇ
420 1735 701 1779 daemonium
750 1735 989 1792 significari
1036 1735 1184 1792 procul
1228 1735 1360 1779 dubio
1392 1739 1472 1780 est.
1507 1735 1740 1780 Praeterea
1770 1735 1896 1793 cycni

206 1809 320 1853 sacri
367 1815 469 1854 sunt
511 1811 745 1868 Apollinis
779 1811 901 1862 Quae
938 1811 1050 1855 ratio
1084 1811 1256 1855 Socrati
1289 1826 1385 1854 cum
1419 1810 1624 1868 Apolline
1657 1811 1897 1855 intercedat

208 1886 487 1930 notissimum
520 1892 599 1931 est.
633 1887 763 1931 Festo
797 1888 851 1931 ad
890 1888 1101 1931 honorem
1134 1887 1266 1930 huius
1298 1886 1365 1930 dei
1399 1887 1616 1930 celebrato
1649 1886 1741 1930 dies
1773 1886 1893 1930 necis

206 1962 550 2019 procrastinatur
604 1963 782 2007 Phaedo
838 1964 896 2007 58
931 1963 978 2006 C.
1035 1962 1255 2020 Apollinis
1311 1962 1354 2006 in
1411 1962 1621 2006 honorem
1678 1962 1892 2020 hymnum

206 2038 451 2094 composuit
491 2038 668 2082 Phaedo
710 2040 767 2083 60
787 2039 834 2089 D,
879 2040 930 2082 61
952 2038 1005 2082 A.
1049 2039 1266 2082 Sacerdos
1299 2037 1431 2081 huius
1464 2037 1532 2081 dei
1564 2053 1662 2081 eum
1696 2038 1892 2082 omnium

205 2113 582 2169 sapientissimum
633 2114 853 2158 iudicavit.
901 2113 1121 2171 Apollinis
1163 2113 1301 2157 tutela
1346 2113 1571 2157 Socratem
1605 2117 1747 2156 tutum
1780 2129 1892 2164 esse,

206 2188 432 2232 Socratem
477 2205 649 2247 quoque
686 2205 861 2233 sacrum
894 2205 992 2233 esse
1028 2189 1262 2246 Apollinis,
1295 2188 1394 2232 hinc
1430 2188 1729 2245 intellegetur:
1762 2188 1892 2246 Apol.

205 2263 319 2308 Xen.
361 2267 387 2309 5
421 2261 476 2305 3H
505 2268 742 2318 θαυμαστὸν
774 2269 943 2317 νομίζεις
977 2267 1010 2306 εἰ
1041 2266 1106 2306 καὶ
1139 2274 1197 2321 τῷ
1232 2271 1332 2321 θεῷ
1366 2267 1479 2306 δοκεῖ
1505 2265 1570 2317 ἐμὲ
1601 2267 1758 2318 βέλτιον
1789 2263 1892 2306 εἶναι

204 2340 282 2392 ἤδη
329 2346 532 2390 τελευτᾶν;
579 2340 707 2399 Apol.
757 2341 870 2384 Xen.
920 2341 959 2384 7.
993 2343 1085 2389 ἴσως
1119 2340 1161 2381 δὲ
1192 2357 1265 2390 τοι,
1296 2342 1423 2391 φάναι
1456 2342 1590 2393 αὐτόν,
1620 2341 1686 2380 καὶ
1718 2340 1736 2381 ὁ
1768 2342 1890 2390 θεὸς

205 2414 259 2455 δι’
311 2417 593 2469 εὐμζένειαν
635 2420 887 2469 προξενεῖ
930 2434 1016 2468 μοι
1063 2418 1110 2457 οὐ
1153 2418 1280 2467 μόνον
1316 2417 1356 2456 τὸ
1400 2416 1441 2456 ἐν
1482 2425 1605 2471 καιρῷ
1637 2423 1705 2468 τῆς
1736 2415 1890 2469 ἡλικίας

204 2496 419 2532 καταλῦσαι
467 2493 535 2532 τὸν
581 2494 685 2544 βίον,
731 2493 828 2533 ἀλλὰ
873 2493 938 2532 καὶ
981 2493 1022 2532 τὸ
1076 2489 1100 2547 ᾗ
1145 2493 1282 2547 ῥᾷστα,
1329 2490 1591 2547 quibuscum
1639 2490 1892 2534 conferatur

208 2566 336 2623 Apol.
382 2566 492 2610 plat.
539 2568 592 2610 41
614 2567 659 2611 C.
680 2568 730 2611 D.
779 2568 872 2609 οὐδὲ
922 2570 1116 2618 ἀμελεῖται
1159 2568 1236 2607 ὑπὸ
1273 2573 1382 2607 θεῶν
1415 2570 1460 2607 τὰ
1494 2570 1637 2608 τούτου
1669 2570 1888 2621 πράγματα·

202 2643 296 2682 οὐδὲ
337 2643 382 2681 τὰ
428 2643 501 2694 ἐμὰ
548 2652 623 2683 νῦν
669 2645 748 2684 ἀπὸ
792 2651 861 2684 τοῦ
908 2644 1134 2694 αὐτομάτου
1187 2643 1362 2696 γέγονεν,
1407 2645 1504 2683 ἀλλά
1545 2660 1612 2695 μοι
1648 2644 1770 2695 δῆλόν
1810 2642 1889 2683 ἐστι

200 2724 329 2769 τοῦτο,
354 2718 411 2757 ὅτι
441 2717 519 2770 ἤδη
551 2720 745 2758 τεθνάναι
776 2719 842 2758 καὶ
873 2719 1127 2771 ἀπηλλάχθαι
1154 2720 1395 2771 πραγμάτων
1426 2718 1579 2770 βέλτιον
1610 2713 1662 2770 ’ἧν
1693 2733 1771 2767 μοι.
1804 2717 1889 2757 διὰ

204 2795 394 2833 τούτου
441 2794 526 2833 καὶ
569 2793 652 2845 ἐμὲ
696 2796 931 2846 οὐδαμοῦ
970 2794 1262 2846 ἀπέτρεψεν
1305 2794 1355 2834 τὸ
1393 2798 1622 2845 σημεῖον.
1653 2791 1889 2835 Praeterea

255 2964 279 3003 ¹)
308 2963 389 2997 vid.
414 2963 436 3007 ς
458 2963 490 2997 6.
