2019 3299
875 197 931 240 49

145 527 170 575 ξ
199 529 235 562 8.
291 526 427 571 QUAE
457 524 616 561 RATIO
642 523 966 560 INTERCEDAT
997 523 1155 559 INTER
1182 522 1435 559 SOCRATIS
1463 523 1655 560 AMICOS

552 602 615 638 ET
644 600 897 637 SOCRATIS
928 600 1257 636 DAEMONIUM.

127 786 175 829 In
217 783 434 841 Apologia
474 782 587 825 Xen.
631 783 682 825 13
725 782 935 836 legimus:
970 783 1020 829 ὥς
1052 799 1093 835 γε
1126 782 1204 833 μὴν
1237 783 1284 821 οὐ
1317 783 1517 831 ψεύδομαι
1551 781 1647 819 κατὰ
1679 789 1748 821 τοῦ

65 867 178 912 θεοῦ,
203 861 268 899 καὶ
300 858 398 899 τοῦτ’
432 861 504 910 ἔχω
535 860 757 909 τεκμήριον·
789 859 854 897 καὶ
885 860 958 910 γὰρ
990 866 1067 898 τῶν
1099 859 1226 907 φίλων
1258 861 1418 904 πολλοῖς
1451 857 1499 907 δὴ
1529 857 1748 909 ἐξαγγείλας

64 937 109 976 τὰ
140 943 207 975 τοῦ
240 941 341 975 θεοῦ
369 936 704 986 συμβουλεύματα
736 934 991 973 οὐδεπώποτε
1025 935 1276 983 ψευσάμενος
1309 933 1476 982 ἐφάνην.

124 1009 399 1067 Quamquam
444 1024 520 1066 pro
559 1013 675 1052 certo
708 1009 789 1051 hoc
821 1008 935 1051 effici
967 1023 1052 1050 non
1088 1012 1229 1063 potest
1262 1006 1369 1049 nihil
1403 1007 1549 1050 obstat
1581 1006 1747 1063 quomi—

64 1100 147 1129 nus
191 1084 335 1128 locum
382 1084 444 1128 ita
491 1084 825 1140 interpretemur
872 1088 915 1126 ut
965 1098 1195 1126 sumamus
1240 1081 1521 1125 daemonium
1577 1081 1746 1125 Socrati

65 1159 260 1204 suasisse
294 1164 338 1202 ut
371 1158 534 1202 amicos
567 1174 593 1201 a
624 1158 784 1201 futuris
817 1158 1037 1201 erroribus
1071 1163 1263 1201 tueretur
1295 1162 1333 1200 et
1368 1157 1607 1201 amicorum
1633 1157 1748 1200 vitae

64 1235 332 1283 consuleret:
375 1235 419 1274 τὰ
460 1243 529 1274 τοῦ
572 1240 673 1274 θεοῦ
716 1237 1049 1285 συμβουλεύματα
1091 1248 1219 1288 agere
1257 1233 1307 1275 de
1340 1232 1581 1275 amicorum
1616 1232 1747 1275 rebus

64 1310 220 1353 futuris
263 1325 402 1366 neque
445 1309 671 1352 Socratem
714 1325 819 1352 suas
862 1308 1057 1364 privatas
1090 1324 1158 1351 res
1190 1324 1287 1351 cum
1321 1308 1476 1351 amicis
1508 1307 1748 1350 communi-

64 1401 202 1428 casse.
250 1385 315 1428 Ita
346 1384 658 1440 interpretatus
691 1384 814 1426 locus
847 1384 1010 1440 optime
1046 1383 1249 1426 cohaeret
1284 1399 1380 1426 cum
1414 1383 1509 1431 loco
1540 1383 1582 1425 in
1616 1382 1746 1426 Mem.

63 1460 94 1504 I.
137 1462 171 1503 l.
205 1462 245 1503 5.
286 1460 532 1510 (Nonnulla
566 1461 697 1503 verba
728 1459 866 1502 literis
895 1459 1082 1502 diductis
1115 1459 1364 1515 significata
1396 1458 1652 1515 praesertim
1686 1458 1746 1501 in-

59 1535 169 1578 dicio
202 1545 306 1578 sunt
335 1535 519 1579 alterum
552 1535 695 1577 locum
724 1535 849 1577 alteri
878 1539 1111 1590 cognatum
1142 1538 1254 1582 esse)
1295 1536 1378 1574 καὶ
1407 1540 1622 1582 πολλοῖς
1649 1543 1744 1574 τῶν

64 1626 115 1651 συ
131 1614 310 1652 υόντων
356 1614 598 1663 προηγόρευε
632 1614 676 1650 τὰ
711 1611 780 1660 μὲν
813 1617 955 1658 ποιείν,
987 1612 1032 1650 τὰ
1065 1610 1106 1649 δὲ
1138 1611 1191 1661 μὴ
1225 1615 1373 1657 ποιεῖνς
1409 1625 1549 1666 neque
1581 1610 1744 1652 stultus

62 1702 200 1744 neque
241 1702 384 1729 vanus
429 1685 563 1729 videri
608 1686 795 1735 volebat,
838 1686 965 1725 ἐδόκει
1003 1685 1037 1725 δ’
1076 1686 1125 1724 ἂν
1158 1686 1362 1737 ἀμφότερα
1393 1693 1528 1737 ταῦτα,
1558 1688 1589 1725 εἰ
1622 1703 1743 1737 προα-

60 1765 234 1813 γορεύων
290 1764 350 1811 ὡς
408 1764 503 1802 ὑπὸ
557 1768 682 1801 θεοῦ
742 1764 1038 1812 φαινόμενα
1094 1763 1422 1811 ψευδόμενος
1481 1763 1741 1811 ἐφαίνετο.

60 1836 140 1878 Per
171 1837 451 1880 daemonium
485 1836 592 1879 deus
625 1836 818 1880 Socratis
852 1836 1163 1892 Xenophontei
1195 1835 1349 1879 amicis
1381 1837 1571 1893 prodest.
1606 1836 1743 1880 Voca-

61 1911 162 1955 bnla
208 1915 553 1964 συμβουλεύματα,
594 1916 882 1963 συμβουλεύειν
926 1916 1151 1967 praeterea
1193 1926 1290 1954 esse
1332 1911 1639 1961 usitatissima,
1683 1911 1745 1954 sic

60 1991 105 2029 ut
148 1987 326 2029 verbum
372 1989 595 2038 σημαίνειν,
636 1991 676 2029 et
719 1987 770 2029 de
812 1985 904 2029 deis
937 1986 1162 2029 Socratem
1197 1986 1587 2042 praemonentibus
1620 1992 1659 2029 et
1692 1987 1743 2029 de

58 2061 235 2105 Socrate
291 2061 444 2105 amicis
492 2062 710 2105 suadente
759 2062 826 2104 vel
875 2062 1173 2111 dissuadente,
1222 2066 1440 2105 testantur
1486 2078 1521 2105 e.
1569 2077 1609 2118 g.
1658 2062 1742 2105 loci

57 2142 312 2194 sequentes:
357 2137 487 2180 Mem.
531 2137 564 2180 Ι.
607 2139 647 2180 3.
691 2137 740 2186 4;
785 2137 816 2180 Ι.
849 2137 890 2180 4.
930 2138 1005 2186 18;
1039 2137 1071 2180 I.
1110 2138 1145 2180 1.
1180 2138 1229 2186 6;
1264 2137 1295 2180 Ι.
1335 2139 1371 2180 1.
1410 2139 1484 2187 19;
1520 2138 1550 2181 l.
1584 2139 1624 2180 4.
1663 2139 1738 2186 15;

57 2212 130 2255 IV.
163 2213 202 2255 7.
241 2213 314 2262 10;
350 2213 475 2270 Apol.
509 2213 620 2256 Plat.
655 2214 710 2256 33
733 2214 778 2256 D.
809 2213 972 2256 Partim
1008 2214 1115 2256 haec
1148 2229 1224 2268 per
1255 2213 1535 2257 daemonium
1569 2219 1609 2256 et
1642 2214 1738 2257 dae-

56 2287 200 2330 monio
243 2293 422 2331 auctore
463 2288 557 2331 fieri
598 2288 785 2331 libenter
824 2288 1011 2337 credam,
1046 2288 1099 2331 cf.
1133 2288 1264 2331 Meni.
1298 2288 1351 2331 II.
1385 2289 1423 2331 6.
1457 2289 1506 2338 8;
1542 2289 1573 2332 I.
1611 2289 1647 2332 1.
1686 2290 1737 2338 4;

56 2361 128 2405 IV.
169 2363 210 2406 8.
247 2365 296 2411 1;
334 2363 405 2406 [V.
439 2365 479 2406 3.
519 2364 592 2413 12;
627 2363 832 2420 Theages
870 2363 950 2406 128
986 2364 1033 2406 D.

114 2437 276 2482 Contra
307 2454 419 2495 quae
451 2444 596 2482 autem
631 2444 779 2496 aperte
812 2454 1007 2495 pugnare
1041 2439 1245 2482 videntur
1276 2454 1327 2483 ea
1353 2455 1466 2496 quae
1493 2441 1609 2497 apud
1642 2440 1738 2485 Pla-

55 2517 200 2557 tonem
242 2514 430 2570 legimus
472 2518 514 2557 in
558 2514 757 2557 Phaedro
784 2515 869 2557 242
889 2514 934 2564 C,
969 2516 1043 2565 εἰμὶ
1078 2516 1126 2566 ὀὴ
1160 2511 1233 2555 οὖν
1264 2518 1402 2566 μάντις
1435 2517 1520 2567 μέν,
1550 2518 1597 2557 οὐ
1629 2519 1737 2557 πάνυ

55 2588 96 2628 δὲ
123 2592 345 2637 ’σπουδαῖος
377 2588 454 2629 ἀλλ’
491 2591 620 2640 ὥσπερ
653 2592 694 2629 οἵ
720 2591 765 2629 τὰ
798 2593 1004 2642 γράμματα
1033 2596 1196 2641 φαῦλοι,
1221 2592 1313 2630 ὅσον
1342 2591 1413 2641 μὲν
1441 2591 1594 2647 ἐμαυτῷ
1612 2594 1738 2643 μόνον

54 2665 198 2711 ἱκανός.
237 2663 414 2707 Urbane
457 2664 692 2707 admodum
726 2664 956 2707 confitetur
987 2680 1033 2707 se
1067 2669 1212 2707 vatem
1251 2664 1472 2720 publicum
1505 2682 1590 2710 non
1625 2682 1736 2710 esse.

54 2737 176 2781 Alios
218 2739 420 2782 homines
452 2740 662 2783 adiuvare
700 2756 747 2783 se
790 2756 875 2783 non
915 2756 1058 2797 posse,
1093 2740 1176 2783 sibi
1214 2740 1297 2783 soli
1330 2741 1439 2784 satis
1472 2757 1582 2785 esse.
1616 2742 1736 2785 Dicet

53 2812 210 2870 aliquis
256 2814 496 2857 amicorum
545 2814 694 2858 omnia
735 2815 986 2858 communia
1028 2830 1137 2859 esse.
1176 2815 1428 2866 amicitiam,
1461 2816 1504 2859 id
1537 2817 1650 2874 quod
1684 2832 1736 2860 ex

54 2887 181 2932 Mem.
215 2889 493 2932 notissimum
535 2895 599 2933 est
643 2895 684 2933 et
726 2906 752 2934 a
784 2890 966 2934 Platone
1001 2906 1036 2933 e.
1060 2907 1100 2947 g.
1133 2891 1262 2947 Lysis
1294 2891 1377 2933 211
1407 2891 1441 2934 Ε
1475 2891 1733 2942 affirmatur,

53 2961 163 3007 inter
223 2964 422 3007 homines
478 2979 699 3007 summum
759 2965 921 3008 bonum
979 2981 1091 3014 esse,
1151 2965 1277 3009 facile
1340 2965 1471 3022 igitur
1528 2967 1734 3023 subiungi

119 3037 281 3071 Apologia
302 3036 560 3071 Xenophontea.
1610 3041 1627 3065 4
