2019 3299
997 203 1078 246 178

403 322 674 374 Quibuscum
707 325 990 370 conferantur
1022 342 1135 384 quae
1168 327 1374 383 leguntur
1404 328 1494 371 Pol.
1528 328 1614 372 472
1633 329 1693 372 A:
1727 331 1889 379 εἰκότως

343 401 419 453 ἄρα
461 401 620 442 ὤκνουν
661 417 699 441 τε
736 403 801 442 καὶ
833 403 1014 454 ἐδεδοίκη
1052 405 1155 443 οὕτω
1187 406 1418 456 παράδοξον
1450 405 1575 458 λέγειν
1606 407 1725 459 λόγον
1756 422 1795 446 τε
1825 406 1891 446 καὶ

345 476 551 528 ἐπιχειρεῖν
583 477 826 517 διασκοπεῖν.
859 476 967 520 Item
1002 477 1094 520 Pol.
1126 477 1213 522 453
1237 478 1283 527 D,
1320 479 1404 522 473
1425 479 1474 522 Ε.

406 550 616 594 Homines
649 551 764 594 enim
793 552 926 596 solita
956 552 1070 596 vitae
1097 568 1205 597 suae
1233 554 1508 598 ordinatione
1526 555 1736 599 desistere
1756 556 1885 613 vulgo

343 626 510 676 nolunt,
554 626 667 670 Eccl.
711 627 798 671 584
840 634 920 677 τοῖς
964 629 1124 681 ἠθάσι
1165 631 1442 684 ἐνδιατρίβειν,
1482 631 1574 675 ΡΟΙ.
1605 632 1749 675 452Α
1781 633 1890 686 παρὰ

344 693 395 743 τὸ,
419 704 478 743 ἕθ
493 720 512 743 ο
529 720 558 750 ς.

403 778 464 821 De
506 779 817 824 communione
856 780 908 824 cf.
945 781 1058 824 Eccl.
1092 782 1191 832 590,
1226 782 1312 825 614
1344 787 1385 825 et
1417 782 1511 826 Pol.
1542 782 1628 829 453
1646 783 1699 833 A,
1732 782 1818 827 449
1837 782 1883 827 C.

255 853 306 905 D)
402 854 440 897 A
490 855 670 899 Platone
718 855 934 900 comicum
978 857 1134 914 respici
1177 856 1286 900 satis
1330 857 1571 901 luculenter
1612 863 1794 915 apparet
1836 874 1888 902 ex

343 929 432 973 Pol,
466 930 552 974 452
587 931 732 975 B—E.
768 932 853 975 457
874 932 922 982 Β,
959 932 1201 976 notissimis
1233 932 1353 976 locis.

253 1047 375 1098 Quae
409 1065 506 1092 cum
542 1049 602 1093 ita
634 1050 736 1100 sint,
768 1050 911 1107 quiete
941 1051 983 1093 in
1013 1056 1166 1095 nostra
1193 1051 1411 1095 sententia
1431 1052 1482 1095 de
1499 1051 1682 1095 Platone
1710 1052 1887 1097 homine

194 1128 233 1166 et
281 1124 491 1181 scriptore
538 1125 724 1174 literato,
770 1126 1004 1176 imitatore,
1049 1126 1263 1183 plagiario
1309 1127 1702 1183 perseverabimus.
1733 1127 1890 1186 Neque

191 1202 295 1254 ipse
326 1216 527 1244 summus
561 1201 852 1258 philosophus
887 1202 955 1245 sui
988 1202 1169 1258 ignarus
1202 1202 1341 1246 fuisse
1370 1203 1553 1246 videtur.
1581 1203 1629 1246 In
1647 1203 1888 1248 Menexeno

193 1275 365 1332 quidem
426 1276 588 1319 fatetur
635 1277 872 1320 nonnullas
921 1277 1130 1334 reliquias
1186 1278 1455 1322 laudationis
1512 1277 1708 1322 funebris
1755 1294 1886 1336 quam

191 1351 380 1395 Pericles
408 1352 559 1395 habuit
592 1368 618 1395 a
645 1369 692 1396 se
716 1354 930 1397 conflatas
959 1369 1055 1397 esse
1082 1354 1270 1406 (MeneX.
1289 1355 1376 1397 236
1395 1354 1458 1407 B).
1493 1353 1600 1397 Item
1620 1354 1662 1397 in
1685 1354 1885 1398 Phaedro

191 1428 382 1472 235CD
431 1444 515 1471 non
559 1428 744 1485 ignorat,
789 1429 921 1472 immo
964 1429 1055 1486 ipse
1097 1430 1342 1479 confitetur,
1385 1445 1432 1473 se
1475 1435 1626 1486 pectus
1658 1430 1883 1487 impletum

191 1504 353 1547 habere
386 1519 437 1547 ex
469 1503 625 1548 alienis
658 1504 856 1548 fontibus
888 1506 944 1555 (ἐξ
977 1506 1194 1556 ἀλλοτρίων
1226 1507 1442 1558 ναμάτων),

250 1579 367 1622 Viris
409 1579 547 1622 doctis
581 1585 727 1623 autem
777 1580 1021 1624 cavendum
1056 1586 1120 1623 est
1154 1597 1206 1623 ne
1239 1581 1436 1624 Platonis
1467 1581 1609 1637 ignari
1642 1581 1744 1630 sint,
1779 1580 1883 1639 quid

189 1654 332 1704 fuerit,
369 1654 471 1712 quid
507 1670 592 1698 non
627 1655 772 1698 fuerit.

247 1772 427 1832 Iamque
486 1774 782 1818 dissertationi
830 1779 1006 1819 nostrae
1058 1775 1188 1818 finem
1238 1775 1520 1832 imponimus.
1569 1775 1881 1833 Xenophontis

188 1849 448 1906 Apologiani
505 1850 752 1900 defendere,
802 1866 951 1894 verum
1001 1851 1224 1895 Socratem
1274 1851 1515 1909 explorare,
1564 1851 1786 1909 quomodo
1838 1850 1880 1894 in

186 1925 344 1969 iudicio
377 1926 548 1969 locutus
575 1931 704 1976 esset,
738 1926 841 1984 quid
875 1926 1070 1977 dixisset,
1104 1927 1207 1985 quid
1242 1943 1326 1970 non
1361 1927 1556 1977 dixisset,
1575 1927 1881 1985 comparandis

187 2001 416 2058 Apologiis
463 2002 602 2046 altera
650 2017 748 2045 cum
796 2002 938 2046 altera
982 2002 1250 2059 investigare
1292 2003 1436 2047 conati
1478 2018 1646 2046 sumus.
1688 2001 1751 2044 Ex
1793 2017 1882 2059 qua

184 2077 510 2134 comparatione
537 2078 778 2134 apparebat
807 2077 1053 2127 Platonem,
1081 2083 1127 2121 ut
1156 2077 1294 2135 ipsius
1315 2078 1459 2121 verbis
1479 2083 1593 2128 utar,
1614 2079 1650 2127 ἐξ
1667 2079 1880 2130 ἀλλοτρίων

184 2156 372 2204 ναμάτων
417 2158 562 2206 πλῆρες
608 2154 650 2194 τὸ
699 2158 848 2206 στῆθος
890 2154 1001 2206 ἔχειν.
1046 2153 1268 2211 Suspicati
1309 2169 1465 2197 sumus
1501 2153 1590 2197 alia
1622 2152 1808 2210 vestigia
1839 2157 1880 2196 et

184 2226 345 2273 indicia
377 2229 494 2273 haud
528 2228 589 2272 ita
621 2244 763 2285 pauca
795 2229 943 2272 latere.
973 2228 1295 2272 Subiunximus
1324 2229 1409 2272 duo
1437 2228 1751 2273 additamenta.
1778 2227 1878 2272 Non

185 2319 287 2360 ergo
321 2305 374 2348 ad
408 2305 537 2348 finem
569 2306 779 2362 perducta
811 2312 876 2349 est
909 2321 1052 2363 neque
1087 2310 1176 2349 tota
1204 2321 1230 2349 a
1257 2305 1384 2348 nobis
1411 2305 1558 2349 soluta
1585 2304 1780 2348 maxima
1805 2303 1879 2347 illa

184 2380 396 2439 quaestio,
431 2396 563 2437 quam
597 2380 884 2424 instituimus.
918 2380 1197 2424 Fertilissimi
1225 2380 1471 2423 studiorum
1500 2380 1591 2436 agri
1618 2380 1704 2423 late
1731 2383 1878 2436 patent

183 2455 422 2513 incultique
455 2454 544 2499 fere
577 2455 733 2499 iacent.
762 2455 857 2499 Nos
886 2460 1055 2499 tantum
1085 2456 1126 2499 in
1155 2455 1431 2500 aratiuncula
1456 2455 1651 2499 laborem
1680 2460 1878 2498 nostrum

181 2533 552 2589 consumpsimus.
617 2533 783 2584 Quodsi
843 2532 922 2576 viri
981 2533 1095 2576 docti
1153 2548 1327 2590 quoque
1386 2547 1472 2575 non
1526 2531 1877 2588 dedignabuntur

183 2624 360 2666 operam
404 2624 530 2652 suani
563 2609 845 2666 studiumque
877 2608 920 2652 in
953 2609 1065 2652 hanc
1099 2624 1232 2666 quam
1266 2608 1540 2652 instituimus
1572 2606 1876 2665 quaestionem

183 2684 393 2733 conferre,
441 2683 691 2728 uberrimus
739 2689 980 2741 proventus
1028 2700 1109 2727 nos
1156 2684 1315 2727 mirum
1356 2688 1570 2740 quantum
1612 2681 1781 2726 iuvabit
1821 2680 1873 2725 ad

182 2760 338 2804 melius
370 2760 723 2816 cognoscendum
757 2760 1012 2815 scriptorem
1046 2775 1132 2817 quo
1161 2759 1330 2802 nullum
1360 2759 1462 2802 novi
1492 2773 1631 2815 neque
1658 2757 1873 2815 puriorem

182 2851 322 2893 neque
358 2834 587 2878 tersiorem
620 2851 761 2892 neque
794 2834 1123 2891 elegantiorem,
1159 2838 1200 2877 et
1232 2833 1564 2891 philosophum,
1597 2833 1673 2890 qui
1704 2832 1876 2877 animos

181 2912 376 2954 omnium
409 2910 605 2954 omnium
640 2911 917 2954 saeculorum
950 2910 1178 2954 hominum
1214 2909 1495 2953 vehementer
1521 2908 1771 2953 commovit.
