<?xml version="1.0" encoding="UTF-8"?>
<!DOCTYPE html PUBLIC "-//W3C//DTD XHTML 1.0 Transitional//EN"
    "http://www.w3.org/TR/xhtml1/DTD/xhtml1-transitional.dtd">
<html xmlns="http://www.w3.org/1999/xhtml" xml:lang="en" lang="en">
 <head>
  <title>
</title>
<meta http-equiv="Content-Type" content="text/html;charset=utf-8" />
  <meta name='ocr-system' content='tesseract 3.04.00' />
  <meta name='ocr-capabilities' content='ocr_page ocr_carea ocr_par ocr_line ocrx_word'/>
</head>
<body>
  <div class='ocr_page' id='page_1' title='image "./deapologiaxenoph00vrijuoft_0193.png"; bbox 0 0 2019 3299; ppageno 0'>
   <div class='ocr_carea' id='block_1_1' title="bbox 943 180 1023 223">
    <p class='ocr_par' dir='ltr' id='par_1_1' title="bbox 943 180 1023 223">
     <span class='ocr_line' id='line_1_1' title="bbox 943 180 1023 223; baseline 0 -1"><span class='ocrx_word' id='word_1_1' title='bbox 943 180 1023 223; x_wconf 89' lang='lat'>167</span> 
     </span>
    </p>
   </div>
   <div class='ocr_carea' id='block_1_2' title="bbox 141 302 1832 2015">
    <p class='ocr_par' dir='ltr' id='par_1_2' title="bbox 144 302 1829 886">
     <span class='ocr_line' id='line_1_2' title="bbox 150 302 1829 360; baseline -0.002 -13"><span class='ocrx_word' id='word_1_2' title='bbox 150 320 233 347; x_wconf 91' lang='lat' dir='ltr'>non</span> <span class='ocrx_word' id='word_1_3' title='bbox 275 304 373 347; x_wconf 88' lang='lat' dir='ltr'>licet</span> <span class='ocrx_word' id='word_1_4' title='bbox 405 304 500 347; x_wconf 90' lang='lat' dir='ltr'>sine</span> <span class='ocrx_word' id='word_1_5' title='bbox 532 304 670 346; x_wconf 82' lang='lat' dir='ltr'>firmis</span> <span class='ocrx_word' id='word_1_6' title='bbox 703 304 976 360; x_wconf 83' lang='lat' dir='ltr'>argumentis</span> <span class='ocrx_word' id='word_1_7' title='bbox 1015 304 1240 360; x_wconf 84' lang='lat' dir='ltr'>perhibere</span> <span class='ocrx_word' id='word_1_8' title='bbox 1284 303 1592 347; x_wconf 74' lang='lat' dir='ltr'>Antisthenen]</span> <span class='ocrx_word' id='word_1_9' title='bbox 1627 318 1653 346; x_wconf 88' lang='lat' dir='ltr'>a</span> <span class='ocrx_word' id='word_1_10' title='bbox 1684 302 1829 345; x_wconf 87' lang='lat' dir='ltr'>Xeno-</span> 
     </span>
     <span class='ocr_line' id='line_1_3' title="bbox 148 378 1828 436; baseline -0.001 -14"><span class='ocrx_word' id='word_1_11' title='bbox 148 380 308 436; x_wconf 86' lang='lat' dir='ltr'>phonte</span> <span class='ocrx_word' id='word_1_12' title='bbox 340 379 624 436; x_wconf 88' lang='lat' dir='ltr'>compilatum</span> <span class='ocrx_word' id='word_1_13' title='bbox 659 395 768 422; x_wconf 85' lang='lat' dir='ltr'>esse.</span> <span class='ocrx_word' id='word_1_14' title='bbox 808 379 1063 436; x_wconf 78' lang='lat' dir='ltr'>Utrumque,</span> <span class='ocrx_word' id='word_1_15' title='bbox 1096 385 1133 422; x_wconf 87' lang='lat' dir='ltr'>et</span> <span class='ocrx_word' id='word_1_16' title='bbox 1164 379 1475 422; x_wconf 87' lang='lat' dir='ltr'>Antisthenem</span> <span class='ocrx_word' id='word_1_17' title='bbox 1504 383 1544 421; x_wconf 87' lang='lat' dir='ltr'>et</span> <span class='ocrx_word' id='word_1_18' title='bbox 1561 378 1828 434; x_wconf 91' lang='lat' dir='ltr'>Xenophon-</span> 
     </span>
     <span class='ocr_line' id='line_1_4' title="bbox 147 453 1826 511; baseline -0.002 -13"><span class='ocrx_word' id='word_1_19' title='bbox 147 460 246 503; x_wconf 82' lang='lat' dir='ltr'>tem,</span> <span class='ocrx_word' id='word_1_20' title='bbox 279 470 300 497; x_wconf 90' lang='lat' dir='ltr'>e</span> <span class='ocrx_word' id='word_1_21' title='bbox 327 454 508 497; x_wconf 86' lang='lat' dir='ltr'>Socrate</span> <span class='ocrx_word' id='word_1_22' title='bbox 539 454 741 497; x_wconf 79' lang='lat' dir='ltr'>hausisse</span> <span class='ocrx_word' id='word_1_23' title='bbox 771 455 910 511; x_wconf 82' lang='lat' dir='ltr'>magis</span> <span class='ocrx_word' id='word_1_24' title='bbox 943 454 1205 498; x_wconf 89' lang='lat' dir='ltr'>credendum</span> <span class='ocrx_word' id='word_1_25' title='bbox 1240 470 1336 497; x_wconf 89' lang='lat' dir='ltr'>esse</span> <span class='ocrx_word' id='word_1_26' title='bbox 1369 454 1566 498; x_wconf 76' lang='lat' dir='ltr'>arbitror.</span> <span class='ocrx_word' id='word_1_27' title='bbox 1594 453 1687 496; x_wconf 74' lang='lat' dir='ltr'>Joel</span> <span class='ocrx_word' id='word_1_28' title='bbox 1712 453 1826 496; x_wconf 87' lang='lat' dir='ltr'>enim</span> 
     </span>
     <span class='ocr_line' id='line_1_5' title="bbox 148 529 1827 573; baseline -0.001 -1"><span class='ocrx_word' id='word_1_29' title='bbox 148 530 190 573; x_wconf 88' lang='lat' dir='ltr'>in</span> <span class='ocrx_word' id='word_1_30' title='bbox 234 530 345 572; x_wconf 90' lang='lat' dir='ltr'>libro</span> <span class='ocrx_word' id='word_1_31' title='bbox 393 546 473 572; x_wconf 87' lang='lat' dir='ltr'>suo</span> <span class='ocrx_word' id='word_1_32' title='bbox 517 545 601 573; x_wconf 92' lang='lat' dir='ltr'>non</span> <span class='ocrx_word' id='word_1_33' title='bbox 645 530 754 573; x_wconf 87' lang='lat' dir='ltr'>salis</span> <span class='ocrx_word' id='word_1_34' title='bbox 796 530 994 572; x_wconf 78' lang='lat' dir='ltr'>distinxit</span> <span class='ocrx_word' id='word_1_35' title='bbox 1024 530 1133 573; x_wconf 89' lang='lat' dir='ltr'>inter</span> <span class='ocrx_word' id='word_1_36' title='bbox 1166 530 1391 573; x_wconf 73' lang='lat' dir='ltr'>Socratem</span> <span class='ocrx_word' id='word_1_37' title='bbox 1431 534 1472 572; x_wconf 79' lang='lat' dir='ltr'>et</span> <span class='ocrx_word' id='word_1_38' title='bbox 1505 529 1827 571; x_wconf 89' lang='lat' dir='ltr'>Antisthenem.</span> 
     </span>
     <span class='ocr_line' id='line_1_6' title="bbox 147 602 1826 660; baseline -0.001 -12"><span class='ocrx_word' id='word_1_39' title='bbox 147 606 587 649; x_wconf 70' lang='lat' dir='ltr'>Demonstrandum</span> <span class='ocrx_word' id='word_1_40' title='bbox 620 602 720 648; x_wconf 68' lang='lat' dir='ltr'>ercii}</span> <span class='ocrx_word' id='word_1_41' title='bbox 750 607 825 648; x_wconf 82' lang='lat' dir='ltr'>hie</span> <span class='ocrx_word' id='word_1_42' title='bbox 857 605 1071 649; x_wconf 75' lang='lat' dir='ltr'>Socratis</span> <span class='ocrx_word' id='word_1_43' title='bbox 1101 607 1451 659; x_wconf 78' lang='lat' dir='ltr'><em>philosophiam</em></span> <span class='ocrx_word' id='word_1_44' title='bbox 1481 607 1621 660; x_wconf 59' lang='lat' dir='ltr'>finem</span> <span class='ocrx_word' id='word_1_45' title='bbox 1648 605 1826 657; x_wconf 78' lang='lat' dir='ltr'>habere,</span> 
     </span>
     <span class='ocr_line' id='line_1_7' title="bbox 144 679 1826 735; baseline -0.001 -12"><span class='ocrx_word' id='word_1_46' title='bbox 144 683 220 724; x_wconf 78' lang='lat' dir='ltr'>hio</span> <span class='ocrx_word' id='word_1_47' title='bbox 257 683 465 735; x_wconf 73' lang='lat' dir='ltr'>incipere</span> <span class='ocrx_word' id='word_1_48' title='bbox 496 681 837 724; x_wconf 75' lang='lat' dir='ltr'>Antisthenem.</span> <span class='ocrx_word' id='word_1_49' title='bbox 874 680 972 723; x_wconf 91' lang='lat' dir='ltr'>Non</span> <span class='ocrx_word' id='word_1_50' title='bbox 1009 680 1177 723; x_wconf 87' lang='lat' dir='ltr'>videtur</span> <span class='ocrx_word' id='word_1_51' title='bbox 1215 679 1485 722; x_wconf 75' lang='lat' dir='ltr'>intellexisse</span> <span class='ocrx_word' id='word_1_52' title='bbox 1517 679 1826 722; x_wconf 87' lang='lat' dir='ltr'>Antisthenem</span> 
     </span>
     <span class='ocr_line' id='line_1_8' title="bbox 146 753 1828 811; baseline -0.001 -13"><span class='ocrx_word' id='word_1_53' title='bbox 146 760 186 798; x_wconf 86' lang='lat' dir='ltr'>et</span> <span class='ocrx_word' id='word_1_54' title='bbox 217 755 468 811; x_wconf 82' lang='lat' dir='ltr'>cynicorum</span> <span class='ocrx_word' id='word_1_55' title='bbox 504 755 661 810; x_wconf 85' lang='lat' dir='ltr'>placita</span> <span class='ocrx_word' id='word_1_56' title='bbox 695 770 856 811; x_wconf 84' lang='lat' dir='ltr'>magna</span> <span class='ocrx_word' id='word_1_57' title='bbox 888 771 939 798; x_wconf 82' lang='lat' dir='ltr'>ex</span> <span class='ocrx_word' id='word_1_58' title='bbox 973 760 1095 811; x_wconf 86' lang='lat' dir='ltr'>parte</span> <span class='ocrx_word' id='word_1_59' title='bbox 1129 771 1149 798; x_wconf 93' lang='lat' dir='ltr'>e</span> <span class='ocrx_word' id='word_1_60' title='bbox 1182 753 1363 798; x_wconf 84' lang='lat' dir='ltr'>Socrate</span> <span class='ocrx_word' id='word_1_61' title='bbox 1384 770 1480 797; x_wconf 90' lang='lat' dir='ltr'>esse</span> <span class='ocrx_word' id='word_1_62' title='bbox 1500 754 1828 810; x_wconf 87' lang='lat' dir='ltr'>interpretanda</span> 
     </span>
     <span class='ocr_line' id='line_1_9' title="bbox 146 829 826 886; baseline 0 -14"><span class='ocrx_word' id='word_1_63' title='bbox 146 834 187 873; x_wconf 87' lang='lat' dir='ltr'>et</span> <span class='ocrx_word' id='word_1_64' title='bbox 219 830 274 873; x_wconf 89' lang='lat' dir='ltr'>ab</span> <span class='ocrx_word' id='word_1_65' title='bbox 306 845 356 872; x_wconf 92' lang='lat' dir='ltr'>eo</span> <span class='ocrx_word' id='word_1_66' title='bbox 390 829 601 886; x_wconf 82' lang='lat' dir='ltr'>originem</span> <span class='ocrx_word' id='word_1_67' title='bbox 636 830 826 873; x_wconf 87' lang='lat' dir='ltr'>duxisse.</span> 
     </span>
    </p>

    <p class='ocr_par' dir='ltr' id='par_1_3' title="bbox 145 904 1830 1174">
     <span class='ocr_line' id='line_1_10' title="bbox 206 904 1827 960; baseline -0.001 -12"><span class='ocrx_word' id='word_1_68' title='bbox 206 905 359 949; x_wconf 84' lang='lat' dir='ltr'>Utrum</span> <span class='ocrx_word' id='word_1_69' title='bbox 422 909 569 948; x_wconf 89' lang='lat' dir='ltr'>autem</span> <span class='ocrx_word' id='word_1_70' title='bbox 625 904 768 948; x_wconf 91' lang='lat' dir='ltr'>levius</span> <span class='ocrx_word' id='word_1_71' title='bbox 819 910 883 947; x_wconf 86' lang='lat' dir='ltr'>est</span> <span class='ocrx_word' id='word_1_72' title='bbox 937 910 976 947; x_wconf 90' lang='lat' dir='ltr'>et</span> <span class='ocrx_word' id='word_1_73' title='bbox 1037 905 1320 960; x_wconf 75' lang='lat' dir='ltr'>probabilius,</span> <span class='ocrx_word' id='word_1_74' title='bbox 1373 920 1506 947; x_wconf 90' lang='lat' dir='ltr'>unum</span> <span class='ocrx_word' id='word_1_75' title='bbox 1558 904 1827 959; x_wconf 85' lang='lat' dir='ltr'>scriptorem,</span> 
     </span>
     <span class='ocr_line' id='line_1_11' title="bbox 147 979 1827 1029; baseline -0.001 -7"><span class='ocrx_word' id='word_1_76' title='bbox 147 996 206 1023; x_wconf 85' lang='lat' dir='ltr'>se.</span> <span class='ocrx_word' id='word_1_77' title='bbox 256 979 500 1029; x_wconf 81' lang='lat' dir='ltr'>Platonem,</span> <span class='ocrx_word' id='word_1_78' title='bbox 555 995 640 1022; x_wconf 92' lang='lat' dir='ltr'>non</span> <span class='ocrx_word' id='word_1_79' title='bbox 692 985 837 1023; x_wconf 90' lang='lat' dir='ltr'>tamen</span> <span class='ocrx_word' id='word_1_80' title='bbox 886 980 1091 1023; x_wconf 88' lang='lat' dir='ltr'>servilem</span> <span class='ocrx_word' id='word_1_81' title='bbox 1136 980 1177 1022; x_wconf 93' lang='lat' dir='ltr'>in</span> <span class='ocrx_word' id='word_1_82' title='bbox 1223 979 1416 1028; x_wconf 91' lang='lat' dir='ltr'>modum,</span> <span class='ocrx_word' id='word_1_83' title='bbox 1465 994 1515 1021; x_wconf 84' lang='lat' dir='ltr'>ex</span> <span class='ocrx_word' id='word_1_84' title='bbox 1568 979 1719 1028; x_wconf 86' lang='lat' dir='ltr'>altero,</span> <span class='ocrx_word' id='word_1_85' title='bbox 1768 995 1827 1021; x_wconf 80' lang='lat' dir='ltr'>sc.</span> 
     </span>
     <span class='ocr_line' id='line_1_12' title="bbox 146 1053 1830 1112; baseline -0.001 -14"><span class='ocrx_word' id='word_1_86' title='bbox 146 1055 456 1112; x_wconf 86' lang='lat' dir='ltr'>Xenophonte,</span> <span class='ocrx_word' id='word_1_87' title='bbox 504 1055 720 1103; x_wconf 81' lang='lat' dir='ltr'>hausisse,</span> <span class='ocrx_word' id='word_1_88' title='bbox 766 1070 820 1098; x_wconf 93' lang='lat' dir='ltr'>an</span> <span class='ocrx_word' id='word_1_89' title='bbox 875 1055 999 1104; x_wconf 89' lang='lat' dir='ltr'>duos,</span> <span class='ocrx_word' id='word_1_90' title='bbox 1043 1060 1082 1097; x_wconf 91' lang='lat' dir='ltr'>et</span> <span class='ocrx_word' id='word_1_91' title='bbox 1126 1054 1354 1098; x_wconf 86' lang='lat' dir='ltr'>Platonem</span> <span class='ocrx_word' id='word_1_92' title='bbox 1399 1059 1438 1096; x_wconf 88' lang='lat' dir='ltr'>et</span> <span class='ocrx_word' id='word_1_93' title='bbox 1473 1053 1830 1110; x_wconf 82' lang='lat' dir='ltr'>Xenophontem,</span> 
     </span>
     <span class='ocr_line' id='line_1_13' title="bbox 145 1130 648 1174; baseline -0.002 0"><span class='ocrx_word' id='word_1_94' title='bbox 145 1146 196 1174; x_wconf 89' lang='lat' dir='ltr'>ex</span> <span class='ocrx_word' id='word_1_95' title='bbox 229 1146 317 1174; x_wconf 93' lang='lat' dir='ltr'>uno</span> <span class='ocrx_word' id='word_1_96' title='bbox 351 1130 648 1173; x_wconf 78' lang='lat' dir='ltr'>Antisthene?</span> 
     </span>
    </p>

    <p class='ocr_par' dir='ltr' id='par_1_4' title="bbox 141 1205 1832 1789">
     <span class='ocr_line' id='line_1_14' title="bbox 208 1205 1832 1262; baseline -0.001 -13"><span class='ocrx_word' id='word_1_97' title='bbox 208 1205 358 1249; x_wconf 86' lang='lat' dir='ltr'>Utrum</span> <span class='ocrx_word' id='word_1_98' title='bbox 402 1206 582 1262; x_wconf 85' lang='lat' dir='ltr'>gravius</span> <span class='ocrx_word' id='word_1_99' title='bbox 621 1210 700 1255; x_wconf 88' lang='lat' dir='ltr'>est,</span> <span class='ocrx_word' id='word_1_100' title='bbox 741 1221 874 1249; x_wconf 91' lang='lat' dir='ltr'>unum</span> <span class='ocrx_word' id='word_1_101' title='bbox 911 1205 1203 1262; x_wconf 87' lang='lat' dir='ltr'>splendidum,</span> <span class='ocrx_word' id='word_1_102' title='bbox 1241 1205 1636 1262; x_wconf 79' lang='lat' dir='ltr'>elegantissimum,</span> <span class='ocrx_word' id='word_1_103' title='bbox 1672 1205 1832 1261; x_wconf 84' lang='lat' dir='ltr'>ingeni-</span> 
     </span>
     <span class='ocr_line' id='line_1_15' title="bbox 144 1280 1829 1338; baseline -0.001 -14"><span class='ocrx_word' id='word_1_104' title='bbox 144 1281 396 1325; x_wconf 83' lang='lat' dir='ltr'>osissimum</span> <span class='ocrx_word' id='word_1_105' title='bbox 444 1280 708 1324; x_wconf 86' lang='lat' dir='ltr'>imitatorem</span> <span class='ocrx_word' id='word_1_106' title='bbox 758 1281 931 1331; x_wconf 86' lang='lat' dir='ltr'>habere,</span> <span class='ocrx_word' id='word_1_107' title='bbox 982 1281 1108 1324; x_wconf 89' lang='lat' dir='ltr'>cuius</span> <span class='ocrx_word' id='word_1_108' title='bbox 1155 1281 1262 1325; x_wconf 87' lang='lat' dir='ltr'>talia</span> <span class='ocrx_word' id='word_1_109' title='bbox 1309 1281 1484 1338; x_wconf 87' lang='lat' dir='ltr'>propria</span> <span class='ocrx_word' id='word_1_110' title='bbox 1527 1285 1629 1324; x_wconf 86' lang='lat' dir='ltr'>sunt</span> <span class='ocrx_word' id='word_1_111' title='bbox 1674 1303 1723 1308; x_wconf 90' lang='lat'><strong>—</strong></span> <span class='ocrx_word' id='word_1_112' title='bbox 1775 1280 1829 1323; x_wconf 84' lang='lat' dir='ltr'>sit</span> 
     </span>
     <span class='ocr_line' id='line_1_16' title="bbox 145 1355 1829 1413; baseline 0 -14"><span class='ocrx_word' id='word_1_113' title='bbox 145 1357 273 1400; x_wconf 88' lang='lat' dir='ltr'>venia</span> <span class='ocrx_word' id='word_1_114' title='bbox 306 1356 466 1406; x_wconf 88' lang='lat' dir='ltr'>verbis,</span> <span class='ocrx_word' id='word_1_115' title='bbox 500 1372 632 1413; x_wconf 84' lang='lat' dir='ltr'>saepe</span> <span class='ocrx_word' id='word_1_116' title='bbox 666 1356 852 1400; x_wconf 90' lang='lat' dir='ltr'>imitatio</span> <span class='ocrx_word' id='word_1_117' title='bbox 886 1362 1065 1413; x_wconf 90' lang='lat' dir='ltr'>superat</span> <span class='ocrx_word' id='word_1_118' title='bbox 1099 1357 1320 1413; x_wconf 87' lang='lat' dir='ltr'>exemplar</span> <span class='ocrx_word' id='word_1_119' title='bbox 1341 1383 1407 1406; x_wconf 92' lang='lat'>—‚</span> <span class='ocrx_word' id='word_1_120' title='bbox 1428 1372 1481 1400; x_wconf 85' lang='lat' dir='ltr'>an</span> <span class='ocrx_word' id='word_1_121' title='bbox 1501 1355 1647 1399; x_wconf 84' lang='lat' dir='ltr'>duos‘?</span> <span class='ocrx_word' id='word_1_122' title='bbox 1675 1355 1829 1413; x_wconf 89' lang='lat' dir='ltr'>Neque</span> 
     </span>
     <span class='ocr_line' id='line_1_17' title="bbox 141 1431 1826 1489; baseline -0.001 -15"><span class='ocrx_word' id='word_1_123' title='bbox 141 1431 283 1474; x_wconf 88' lang='lat' dir='ltr'>solum</span> <span class='ocrx_word' id='word_1_124' title='bbox 332 1432 413 1475; x_wconf 89' lang='lat' dir='ltr'>hac</span> <span class='ocrx_word' id='word_1_125' title='bbox 461 1432 503 1474; x_wconf 92' lang='lat' dir='ltr'>in</span> <span class='ocrx_word' id='word_1_126' title='bbox 550 1432 849 1489; x_wconf 86' lang='lat' dir='ltr'>disputatione</span> <span class='ocrx_word' id='word_1_127' title='bbox 897 1432 950 1475; x_wconf 92' lang='lat' dir='ltr'>de</span> <span class='ocrx_word' id='word_1_128' title='bbox 1001 1432 1183 1488; x_wconf 88' lang='lat' dir='ltr'>pulchro</span> <span class='ocrx_word' id='word_1_129' title='bbox 1227 1432 1303 1474; x_wconf 90' lang='lat' dir='ltr'>sed</span> <span class='ocrx_word' id='word_1_130' title='bbox 1349 1431 1480 1474; x_wconf 88' lang='lat' dir='ltr'>etiam</span> <span class='ocrx_word' id='word_1_131' title='bbox 1514 1431 1556 1474; x_wconf 90' lang='lat' dir='ltr'>in</span> <span class='ocrx_word' id='word_1_132' title='bbox 1585 1431 1706 1480; x_wconf 89' lang='lat' dir='ltr'>aliis;</span> <span class='ocrx_word' id='word_1_133' title='bbox 1742 1447 1826 1474; x_wconf 87' lang='lat' dir='ltr'>non</span> 
     </span>
     <span class='ocr_line' id='line_1_18' title="bbox 141 1506 1827 1562; baseline 0 -13"><span class='ocrx_word' id='word_1_134' title='bbox 141 1506 256 1550; x_wconf 89' lang='lat' dir='ltr'>enim</span> <span class='ocrx_word' id='word_1_135' title='bbox 284 1510 548 1562; x_wconf 73' lang='lat' dir='ltr'>separatim</span> <span class='ocrx_word' id='word_1_136' title='bbox 571 1507 682 1551; x_wconf 87' lang='lat' dir='ltr'>tales</span> <span class='ocrx_word' id='word_1_137' title='bbox 715 1507 1026 1550; x_wconf 88' lang='lat' dir='ltr'>similitudines</span> <span class='ocrx_word' id='word_1_138' title='bbox 1056 1512 1097 1550; x_wconf 92' lang='lat' dir='ltr'>et</span> <span class='ocrx_word' id='word_1_139' title='bbox 1128 1506 1397 1550; x_wconf 87' lang='lat' dir='ltr'>imitationes</span> <span class='ocrx_word' id='word_1_140' title='bbox 1426 1514 1527 1549; x_wconf 88' lang='lat' dir='ltr'>sunt</span> <span class='ocrx_word' id='word_1_141' title='bbox 1559 1507 1827 1556; x_wconf 82' lang='lat' dir='ltr'>tractandae,</span> 
     </span>
     <span class='ocr_line' id='line_1_19' title="bbox 143 1581 1827 1638; baseline -0.001 -12"><span class='ocrx_word' id='word_1_142' title='bbox 143 1582 217 1625; x_wconf 84' lang='lat' dir='ltr'>sed</span> <span class='ocrx_word' id='word_1_143' title='bbox 251 1585 557 1626; x_wconf 65' lang='lat' dir='ltr'>coniunctim.</span> <span class='ocrx_word' id='word_1_144' title='bbox 602 1583 698 1625; x_wconf 89' lang='lat' dir='ltr'>Duo</span> <span class='ocrx_word' id='word_1_145' title='bbox 740 1582 869 1638; x_wconf 85' lang='lat' dir='ltr'>igitur</span> <span class='ocrx_word' id='word_1_146' title='bbox 909 1582 1064 1625; x_wconf 86' lang='lat' dir='ltr'>imitati</span> <span class='ocrx_word' id='word_1_147' title='bbox 1098 1587 1199 1625; x_wconf 89' lang='lat' dir='ltr'>sunt</span> <span class='ocrx_word' id='word_1_148' title='bbox 1238 1582 1517 1625; x_wconf 86' lang='lat' dir='ltr'>Antisthenis</span> <span class='ocrx_word' id='word_1_149' title='bbox 1549 1581 1827 1638; x_wconf 84' lang='lat' dir='ltr'>Apologiam‚</span> 
     </span>
     <span class='ocr_line' id='line_1_20' title="bbox 142 1656 1828 1715; baseline 0 -15"><span class='ocrx_word' id='word_1_150' title='bbox 142 1657 421 1700; x_wconf 82' lang='lat' dir='ltr'>Antisthenis</span> <span class='ocrx_word' id='word_1_151' title='bbox 469 1657 768 1715; x_wconf 87' lang='lat' dir='ltr'>Symposium,</span> <span class='ocrx_word' id='word_1_152' title='bbox 818 1657 1097 1700; x_wconf 86' lang='lat' dir='ltr'>Antisthenis</span> <span class='ocrx_word' id='word_1_153' title='bbox 1145 1657 1419 1701; x_wconf 89' lang='lat' dir='ltr'>Alcibiadem</span> <span class='ocrx_word' id='word_1_154' title='bbox 1456 1658 1496 1709; x_wconf 73' lang='lat'>¹).</span> <span class='ocrx_word' id='word_1_155' title='bbox 1548 1657 1642 1700; x_wconf 89' lang='lat' dir='ltr'>Hac</span> <span class='ocrx_word' id='word_1_156' title='bbox 1693 1656 1735 1699; x_wconf 90' lang='lat' dir='ltr'>in</span> <span class='ocrx_word' id='word_1_157' title='bbox 1783 1673 1828 1700; x_wconf 89' lang='lat' dir='ltr'>re</span> 
     </span>
     <span class='ocr_line' id='line_1_21' title="bbox 142 1732 1798 1789; baseline 0.001 -14"><span class='ocrx_word' id='word_1_158' title='bbox 142 1732 221 1775; x_wconf 83' lang='lat' dir='ltr'>viri</span> <span class='ocrx_word' id='word_1_159' title='bbox 253 1732 367 1775; x_wconf 89' lang='lat' dir='ltr'>docti</span> <span class='ocrx_word' id='word_1_160' title='bbox 403 1759 452 1763; x_wconf 88' lang='lat'>—</span> <span class='ocrx_word' id='word_1_161' title='bbox 489 1732 704 1789; x_wconf 83' lang='lat' dir='ltr'>imprimis</span> <span class='ocrx_word' id='word_1_162' title='bbox 736 1733 829 1775; x_wconf 77' lang='lat' dir='ltr'>Joel</span> <span class='ocrx_word' id='word_1_163' title='bbox 866 1759 933 1782; x_wconf 85' lang='lat'>——‚</span> <span class='ocrx_word' id='word_1_164' title='bbox 968 1732 1048 1775; x_wconf 90' lang='lat' dir='ltr'>sibi</span> <span class='ocrx_word' id='word_1_165' title='bbox 1083 1737 1337 1776; x_wconf 86' lang='lat' dir='ltr'>constanter</span> <span class='ocrx_word' id='word_1_166' title='bbox 1369 1732 1592 1789; x_wconf 84' lang='lat' dir='ltr'>disputare</span> <span class='ocrx_word' id='word_1_167' title='bbox 1626 1732 1798 1776; x_wconf 89' lang='lat' dir='ltr'>debent.</span> 
     </span>
    </p>

    <p class='ocr_par' dir='ltr' id='par_1_5' title="bbox 141 1807 1827 2015">
     <span class='ocr_line' id='line_1_22' title="bbox 200 1807 1826 1863; baseline 0 -13"><span class='ocrx_word' id='word_1_168' title='bbox 200 1807 413 1851; x_wconf 82' lang='lat' dir='ltr'>Paueiora</span> <span class='ocrx_word' id='word_1_169' title='bbox 460 1808 510 1850; x_wconf 90' lang='lat' dir='ltr'>de</span> <span class='ocrx_word' id='word_1_170' title='bbox 559 1807 839 1856; x_wconf 86' lang='lat' dir='ltr'>Antisthene,</span> <span class='ocrx_word' id='word_1_171' title='bbox 888 1823 986 1850; x_wconf 85' lang='lat' dir='ltr'>mea</span> <span class='ocrx_word' id='word_1_172' title='bbox 1033 1807 1266 1854; x_wconf 87' lang='lat' dir='ltr'>sententia,</span> <span class='ocrx_word' id='word_1_173' title='bbox 1310 1807 1363 1851; x_wconf 92' lang='lat' dir='ltr'>ad</span> <span class='ocrx_word' id='word_1_174' title='bbox 1406 1823 1486 1850; x_wconf 90' lang='lat' dir='ltr'>nos</span> <span class='ocrx_word' id='word_1_175' title='bbox 1520 1813 1826 1863; x_wconf 83' lang='lat' dir='ltr'>pervenerunt,</span> 
     </span>
     <span class='ocr_line' id='line_1_23' title="bbox 143 1882 1827 1940; baseline 0.001 -15"><span class='ocrx_word' id='word_1_176' title='bbox 143 1898 275 1940; x_wconf 87' lang='lat' dir='ltr'>quam</span> <span class='ocrx_word' id='word_1_177' title='bbox 324 1888 369 1925; x_wconf 87' lang='lat' dir='ltr'>ut</span> <span class='ocrx_word' id='word_1_178' title='bbox 415 1884 471 1926; x_wconf 89' lang='lat' dir='ltr'>ab</span> <span class='ocrx_word' id='word_1_179' title='bbox 515 1883 596 1926; x_wconf 90' lang='lat' dir='ltr'>hoc</span> <span class='ocrx_word' id='word_1_180' title='bbox 640 1883 745 1932; x_wconf 86' lang='lat' dir='ltr'>viro,</span> <span class='ocrx_word' id='word_1_181' title='bbox 800 1889 1009 1940; x_wconf 86' lang='lat' dir='ltr'>tanquam</span> <span class='ocrx_word' id='word_1_182' title='bbox 1056 1898 1107 1926; x_wconf 85' lang='lat' dir='ltr'>ex</span> <span class='ocrx_word' id='word_1_183' title='bbox 1150 1882 1283 1932; x_wconf 89' lang='lat' dir='ltr'>fonte,</span> <span class='ocrx_word' id='word_1_184' title='bbox 1327 1882 1576 1939; x_wconf 90' lang='lat' dir='ltr'>Xenophon</span> <span class='ocrx_word' id='word_1_185' title='bbox 1620 1889 1661 1926; x_wconf 85' lang='lat' dir='ltr'>et</span> <span class='ocrx_word' id='word_1_186' title='bbox 1702 1883 1827 1927; x_wconf 89' lang='lat' dir='ltr'>Plato</span> 
     </span>
     <span class='ocr_line' id='line_1_24' title="bbox 141 1958 500 2015; baseline -0.003 -14"><span class='ocrx_word' id='word_1_187' title='bbox 141 1958 277 2015; x_wconf 89' lang='lat' dir='ltr'>repeti</span> <span class='ocrx_word' id='word_1_188' title='bbox 311 1963 500 2014; x_wconf 88' lang='lat' dir='ltr'>possent.</span> 
     </span>
    </p>
   </div>
   <div class='ocr_carea' id='block_1_3' title="bbox 390 2204 1589 2251">
    <p class='ocr_par' dir='ltr' id='par_1_6' title="bbox 390 2204 1589 2251">
     <span class='ocr_line' id='line_1_25' title="bbox 390 2204 1589 2251; baseline 0 -11"><span class='ocrx_word' id='word_1_189' title='bbox 390 2204 414 2251; x_wconf 58' lang='grc' dir='ltr'>ξ</span> <span class='ocrx_word' id='word_1_190' title='bbox 444 2206 479 2240; x_wconf 77' lang='lat'>4.</span> <span class='ocrx_word' id='word_1_191' title='bbox 513 2205 575 2240; x_wconf 86' lang='lat' dir='ltr'>DE</span> <span class='ocrx_word' id='word_1_192' title='bbox 607 2205 839 2241; x_wconf 86' lang='lat' dir='ltr'>PLATONE</span> <span class='ocrx_word' id='word_1_193' title='bbox 870 2205 1259 2242; x_wconf 87' lang='lat' dir='ltr'>ARlSTOPHANIS</span> <span class='ocrx_word' id='word_1_194' title='bbox 1289 2205 1589 2241; x_wconf 82' lang='lat' dir='ltr'>IMITATORE.</span> 
     </span>
    </p>
   </div>
   <div class='ocr_carea' id='block_1_4' title="bbox 135 2354 1828 2789">
    <p class='ocr_par' dir='ltr' id='par_1_7' title="bbox 135 2354 1828 2789">
     <span class='ocr_line' id='line_1_26' title="bbox 197 2354 1828 2414; baseline 0.001 -17"><span class='ocrx_word' id='word_1_195' title='bbox 197 2354 540 2411; x_wconf 88' lang='lat' dir='ltr'>Aristophanem</span> <span class='ocrx_word' id='word_1_196' title='bbox 568 2372 741 2414; x_wconf 86' lang='lat' dir='ltr'>quoque</span> <span class='ocrx_word' id='word_1_197' title='bbox 769 2362 944 2413; x_wconf 85' lang='lat' dir='ltr'>propter</span> <span class='ocrx_word' id='word_1_198' title='bbox 972 2356 1273 2400; x_wconf 75' lang='lat' dir='ltr'>fecundissimi</span> <span class='ocrx_word' id='word_1_199' title='bbox 1291 2357 1453 2413; x_wconf 81' lang='lat' dir='ltr'>ingenii</span> <span class='ocrx_word' id='word_1_200' title='bbox 1471 2356 1828 2413; x_wconf 87' lang='lat' dir='ltr'>splendidissima</span> 
     </span>
     <span class='ocr_line' id='line_1_27' title="bbox 138 2429 1825 2487; baseline 0.001 -16"><span class='ocrx_word' id='word_1_201' title='bbox 138 2429 319 2473; x_wconf 87' lang='lat' dir='ltr'>inventa</span> <span class='ocrx_word' id='word_1_202' title='bbox 360 2435 399 2472; x_wconf 90' lang='lat' dir='ltr'>et</span> <span class='ocrx_word' id='word_1_203' title='bbox 441 2430 617 2486; x_wconf 83' lang='lat' dir='ltr'>linguae</span> <span class='ocrx_word' id='word_1_204' title='bbox 663 2436 940 2474; x_wconf 82' lang='lat' dir='ltr'>venustatem</span> <span class='ocrx_word' id='word_1_205' title='bbox 983 2437 1023 2474; x_wconf 89' lang='lat' dir='ltr'>et</span> <span class='ocrx_word' id='word_1_206' title='bbox 1056 2431 1259 2474; x_wconf 90' lang='lat' dir='ltr'>dictionis</span> <span class='ocrx_word' id='word_1_207' title='bbox 1292 2431 1554 2487; x_wconf 84' lang='lat' dir='ltr'>elegantiam</span> <span class='ocrx_word' id='word_1_208' title='bbox 1588 2447 1614 2474; x_wconf 89' lang='lat' dir='ltr'>a</span> <span class='ocrx_word' id='word_1_209' title='bbox 1645 2431 1825 2473; x_wconf 87' lang='lat' dir='ltr'>Platone</span> 
     </span>
     <span class='ocr_line' id='line_1_28' title="bbox 139 2506 1823 2564; baseline 0.001 -16"><span class='ocrx_word' id='word_1_210' title='bbox 139 2506 315 2549; x_wconf 90' lang='lat' dir='ltr'>assidue</span> <span class='ocrx_word' id='word_1_211' title='bbox 367 2511 406 2548; x_wconf 89' lang='lat' dir='ltr'>et</span> <span class='ocrx_word' id='word_1_212' title='bbox 454 2506 684 2562; x_wconf 80' lang='lat' dir='ltr'>diligenter</span> <span class='ocrx_word' id='word_1_213' title='bbox 731 2507 973 2550; x_wconf 88' lang='lat' dir='ltr'>lectitatum</span> <span class='ocrx_word' id='word_1_214' title='bbox 1018 2522 1114 2550; x_wconf 74' lang='lat' dir='ltr'>esse</span> <span class='ocrx_word' id='word_1_215' title='bbox 1157 2507 1279 2550; x_wconf 89' lang='lat' dir='ltr'>docet</span> <span class='ocrx_word' id='word_1_216' title='bbox 1321 2507 1569 2564; x_wconf 90' lang='lat' dir='ltr'>Olympiod.</span> <span class='ocrx_word' id='word_1_217' title='bbox 1610 2506 1710 2550; x_wconf 87' lang='lat' dir='ltr'>Vita</span> <span class='ocrx_word' id='word_1_218' title='bbox 1741 2506 1823 2549; x_wconf 88' lang='lat' dir='ltr'>III:</span> 
     </span>
     <span class='ocr_line' id='line_1_29' title="bbox 135 2579 1825 2638; baseline 0.001 -18"><span class='ocrx_word' id='word_1_219' title='bbox 135 2583 262 2634; x_wconf 77' lang='grc' dir='ltr'><em>ἔχαιρε</em></span> <span class='ocrx_word' id='word_1_220' title='bbox 304 2581 346 2621; x_wconf 79' lang='grc' dir='ltr'>δὲ</span> <span class='ocrx_word' id='word_1_221' title='bbox 387 2584 494 2621; x_wconf 80' lang='grc' dir='ltr'><em>πάνυ</em></span> <span class='ocrx_word' id='word_1_222' title='bbox 532 2584 596 2621; x_wconf 87' lang='grc' dir='ltr'>καὶ</span> <span class='ocrx_word' id='word_1_223' title='bbox 631 2585 900 2635; x_wconf 77' lang='grc' dir='ltr'><em>Ἀριστοφάνει</em></span> <span class='ocrx_word' id='word_1_224' title='bbox 933 2592 982 2638; x_wconf 79' lang='grc' dir='ltr'>τῷ</span> <span class='ocrx_word' id='word_1_225' title='bbox 1016 2592 1173 2638; x_wconf 78' lang='grc' dir='ltr'><em>κωμικῷ</em></span> <span class='ocrx_word' id='word_1_226' title='bbox 1207 2585 1273 2622; x_wconf 82' lang='grc' dir='ltr'>καὶ</span> <span class='ocrx_word' id='word_1_227' title='bbox 1306 2585 1513 2635; x_wconf 75' lang='grc' dir='ltr'><em>Σώφρονι,</em></span> <span class='ocrx_word' id='word_1_228' title='bbox 1542 2581 1631 2635; x_wconf 75' lang='grc' dir='ltr'><em>παρ’</em></span> <span class='ocrx_word' id='word_1_229' title='bbox 1668 2579 1722 2622; x_wconf 80' lang='grc' dir='ltr'>ὧν</span> <span class='ocrx_word' id='word_1_230' title='bbox 1760 2583 1825 2622; x_wconf 81' lang='grc' dir='ltr'>καὶ</span> 
     </span>
     <span class='ocr_line' id='line_1_30' title="bbox 135 2656 1825 2711; baseline 0.001 -15"><span class='ocrx_word' id='word_1_231' title='bbox 135 2658 205 2708; x_wconf 83' lang='grc' dir='ltr'>τὴν</span> <span class='ocrx_word' id='word_1_232' title='bbox 242 2658 407 2707; x_wconf 84' lang='grc' dir='ltr'><em>μίμησιν</em></span> <span class='ocrx_word' id='word_1_233' title='bbox 439 2664 516 2696; x_wconf 81' lang='grc' dir='ltr'>τῶν</span> <span class='ocrx_word' id='word_1_234' title='bbox 547 2659 774 2709; x_wconf 76' lang='grc' dir='ltr'><em>προσώπων</em></span> <span class='ocrx_word' id='word_1_235' title='bbox 807 2659 848 2698; x_wconf 86' lang='grc' dir='ltr'>ἐν</span> <span class='ocrx_word' id='word_1_236' title='bbox 880 2663 960 2706; x_wconf 84' lang='grc' dir='ltr'><em>τοῖς</em></span> <span class='ocrx_word' id='word_1_237' title='bbox 994 2660 1193 2711; x_wconf 78' lang='grc' dir='ltr'><em>διαλόγοις</em></span> <span class='ocrx_word' id='word_1_238' title='bbox 1227 2658 1431 2709; x_wconf 76' lang='grc' dir='ltr'><strong><em>ὠφελήθη·</em></strong></span> <span class='ocrx_word' id='word_1_239' title='bbox 1464 2659 1612 2711; x_wconf 81' lang='grc' dir='ltr'><em>λέγεται</em></span> <span class='ocrx_word' id='word_1_240' title='bbox 1648 2656 1678 2697; x_wconf 84' lang='grc' dir='ltr'>δ’</span> <span class='ocrx_word' id='word_1_241' title='bbox 1700 2659 1825 2705; x_wconf 73' lang='grc' dir='ltr'><em>οὕτως</em></span> 
     </span>
     <span class='ocr_line' id='line_1_31' title="bbox 138 2732 1824 2789; baseline 0.001 -18"><span class='ocrx_word' id='word_1_242' title='bbox 138 2734 271 2779; x_wconf 82' lang='grc' dir='ltr'><em>αὐτοῖς</em></span> <span class='ocrx_word' id='word_1_243' title='bbox 301 2733 464 2783; x_wconf 76' lang='grc' dir='ltr'><em>χαίρειν,</em></span> <span class='ocrx_word' id='word_1_244' title='bbox 494 2733 590 2772; x_wconf 79' lang='grc' dir='ltr'><em>ὥστε</em></span> <span class='ocrx_word' id='word_1_245' title='bbox 623 2733 688 2772; x_wconf 83' lang='grc' dir='ltr'>καὶ</span> <span class='ocrx_word' id='word_1_246' title='bbox 719 2732 838 2783; x_wconf 81' lang='grc' dir='ltr'><em>ἡνίκα</em></span> <span class='ocrx_word' id='word_1_247' title='bbox 872 2733 1120 2784; x_wconf 81' lang='grc' dir='ltr'><em>ἐτελεύτησεν</em></span> <span class='ocrx_word' id='word_1_248' title='bbox 1153 2734 1374 2785; x_wconf 77' lang='grc' dir='ltr'><em>εὑρεθῆναι</em></span> <span class='ocrx_word' id='word_1_249' title='bbox 1406 2734 1447 2773; x_wconf 82' lang='grc' dir='ltr'>ἐν</span> <span class='ocrx_word' id='word_1_250' title='bbox 1479 2741 1524 2789; x_wconf 78' lang='grc' dir='ltr'>τῇ</span> <span class='ocrx_word' id='word_1_251' title='bbox 1556 2734 1669 2788; x_wconf 80' lang='grc' dir='ltr'><em>κλίνῃ</em></span> <span class='ocrx_word' id='word_1_252' title='bbox 1701 2734 1824 2772; x_wconf 82' lang='grc' dir='ltr'><em>αὐτοῦ</em></span> 
     </span>
    </p>
   </div>
   <div class='ocr_carea' id='block_1_5' title="bbox 287 2832 434 2835">
    <p class='ocr_par' dir='ltr' id='par_1_8' title="bbox 287 2832 434 2835">
     <span class='ocr_line' id='line_1_32' title="bbox 287 2832 434 2835; baseline 0 0"><span class='ocrx_word' id='word_1_253' title='bbox 287 2832 434 2835; x_wconf 95' lang='lat' dir='ltr'> </span> 
     </span>
    </p>
   </div>
   <div class='ocr_carea' id='block_1_6' title="bbox 139 2885 1824 2990">
    <p class='ocr_par' dir='ltr' id='par_1_9' title="bbox 139 2885 1824 2990">
     <span class='ocr_line' id='line_1_33' title="bbox 184 2885 1824 2933; baseline 0.001 -14"><span class='ocrx_word' id='word_1_254' title='bbox 184 2886 207 2927; x_wconf 86' lang='lat'>¹)</span> <span class='ocrx_word' id='word_1_255' title='bbox 237 2885 285 2919; x_wconf 87' lang='lat' dir='ltr'>Ut</span> <span class='ocrx_word' id='word_1_256' title='bbox 309 2885 477 2920; x_wconf 81' lang='lat' dir='ltr'>omittam</span> <span class='ocrx_word' id='word_1_257' title='bbox 502 2887 596 2920; x_wconf 82' lang='lat' dir='ltr'>alias</span> <span class='ocrx_word' id='word_1_258' title='bbox 616 2888 822 2932; x_wconf 82' lang='lat' dir='ltr'>permultas</span> <span class='ocrx_word' id='word_1_259' title='bbox 850 2888 1122 2923; x_wconf 81' lang='lat' dir='ltr'>similitudines</span> <span class='ocrx_word' id='word_1_260' title='bbox 1136 2889 1235 2933; x_wconf 84' lang='lat' dir='ltr'>apud</span> <span class='ocrx_word' id='word_1_261' title='bbox 1251 2888 1541 2933; x_wconf 86' lang='lat' dir='ltr'>Xenophonlem</span> <span class='ocrx_word' id='word_1_262' title='bbox 1557 2888 1824 2931; x_wconf 86' lang='lat' dir='ltr'>Platonemque</span> 
     </span>
     <span class='ocr_line' id='line_1_34' title="bbox 139 2945 882 2990; baseline 0.005 -11"><span class='ocrx_word' id='word_1_263' title='bbox 139 2945 270 2980; x_wconf 76' lang='lat' dir='ltr'>obvias</span> <span class='ocrx_word' id='word_1_264' title='bbox 287 2958 392 2990; x_wconf 71' lang='lat' dir='ltr'>quae</span> <span class='ocrx_word' id='word_1_265' title='bbox 418 2959 494 2980; x_wconf 92' lang='lat' dir='ltr'>non</span> <span class='ocrx_word' id='word_1_266' title='bbox 519 2947 702 2982; x_wconf 85' lang='lat' dir='ltr'>debentur</span> <span class='ocrx_word' id='word_1_267' title='bbox 726 2948 882 2983; x_wconf 83' lang='lat' dir='ltr'>Socrati.</span> 
     </span>
    </p>
   </div>
  </div>
 </body>
</html>
