2019 3299
909 208 988 250 125

164 334 238 377 Bis
284 333 392 377 haee
441 333 503 377 ita
547 348 574 376 a
615 331 794 375 Socrate
835 331 951 375 facta
983 336 1023 374 et
1055 331 1200 376 dicta?
1233 333 1301 375 An
1334 333 1540 377 alteruter
1571 334 1779 378 mentitus

103 414 167 452 est
207 413 247 452 et
283 407 587 452 commenticia
623 407 749 450 nobis
782 407 1021 463 proponit?
1060 406 1306 450 Nescimus.
1351 408 1461 451 lllud
1495 414 1641 452 autem
1674 409 1779 452 mihi

104 485 272 527 videtur
314 484 439 527 valde
475 482 743 526 incredibile.
777 482 1006 526 Praeterea
1037 492 1222 534 καταψᾶν
1255 483 1390 526 semel
1422 488 1591 527 tantum
1624 485 1781 541 legitur

104 566 142 603 et
176 560 289 616 apud
322 560 552 602 Platonem
585 563 625 601 et
658 558 774 615 apud
808 557 1163 613 Xenophontem.

164 635 403 678 Sumamus
435 633 564 689 igitur
594 648 775 676 necesse
807 637 873 675 est
903 632 1160 675 alterutrum
1195 632 1412 676 imitatum
1441 649 1552 677 esse.
1581 634 1783 678 Libenter

104 711 185 753 hoc
233 709 312 752 viri
359 708 473 752 docti
519 708 688 751 obicere
735 708 937 751 solebant
984 708 1268 764 Xenophonti
1300 708 1368 750 vel
1403 708 1601 765 scriptori
1634 710 1782 760 libelli,

104 787 172 830 cui
228 784 383 828 titulus
442 784 570 841 Apol.
629 783 969 839 Xenophontea.
1029 783 1156 826 Hunc
1211 783 1327 826 enim
1375 783 1568 827 libellum
1618 786 1783 843 aliquot

104 861 232 905 annis
273 864 374 904 ante
415 859 742 903 arbitrabantur
778 859 832 902 ab
866 858 1014 914 ignoto
1045 859 1235 915 quodam
1269 859 1477 914 scriptore
1510 862 1783 906 consarcina-

103 941 194 979 tum
238 950 349 989 esse,
390 933 464 991 qui
496 933 687 976 imitator
718 937 810 976 erat
841 932 1038 976 Platonis
1069 937 1110 976 et
1144 932 1397 989 plagiarius.
1432 934 1604 977 Sensim
1638 941 1782 979 tamen

105 1027 157 1055 ea
197 1010 344 1067 opinio
393 1014 563 1052 mutata
607 1014 673 1051 est
716 1008 819 1061 (vid.
869 1008 1215 1064 praefationem).
1259 1008 1353 1051 Nos
1393 1024 1565 1066 quoque
1607 1026 1782 1067 operam

105 1086 317 1135 dedimus,
350 1089 396 1128 ut
426 1085 827 1127 demonstraremus
859 1083 1020 1126 falsam
1054 1098 1150 1126 esse
1178 1098 1274 1126 eam
1303 1073 1580 1139 sententiam,
1608 1101 1652 1128 re
1682 1102 1785 1130 vera

103 1161 298 1204 libellum
317 1176 342 1203 a
360 1160 655 1216 Xenophonte
671 1175 768 1203 esse
792 1159 1015 1216 scriptum.
1035 1163 1188 1202 contra
1207 1158 1433 1202 Platonem
1452 1176 1473 1203 e
1492 1160 1785 1217 Xenophonte

106 1236 311 1281 hausisse
341 1234 444 1289 (vid.
478 1235 604 1291 plura
637 1234 677 1277 in
714 1234 867 1278 ultimo
901 1234 1069 1290 capite).

165 1312 294 1356 Nunc
337 1326 438 1354 vero
481 1313 771 1354 coniunctim
814 1309 896 1353 hae
930 1325 1082 1352 omnes
1116 1309 1429 1353 similitudines
1462 1315 1561 1353 sunt
1596 1317 1787 1355 contem-

107 1387 423 1445 plandae—et
472 1386 838 1443 interpretandae,
871 1402 955 1429 non
990 1390 1267 1441 separatim.
1301 1387 1465 1430 Omnes
1496 1403 1590 1432 uno
1623 1393 1787 1434 ordine

106 1463 380 1507 habebimus.
430 1462 496 1512 Et,
545 1461 751 1519 quoniam
801 1466 919 1505 certa
966 1462 1125 1505 indicia
1167 1467 1207 1505 et
1240 1468 1500 1518 argumenta
1530 1464 1788 1508 imitationis

107 1538 251 1583 afferri
298 1553 429 1595 posse
475 1553 560 1580 non
612 1538 816 1581 videntur
860 1537 902 1580 in
942 1538 1024 1580 hac
1057 1542 1208 1581 nostra
1238 1538 1289 1581 de
1321 1538 1588 1595 Apollodoro
1621 1545 1788 1584 contro-

106 1614 264 1664 versia,
298 1613 513 1671 reliquum
547 1618 611 1656 est
644 1618 689 1656 ut
722 1629 773 1656 ex
807 1613 1025 1666 analogia.
1060 1618 1106 1656 ut
1136 1613 1274 1663 aiunt,
1294 1618 1542 1658 statuamus
1560 1615 1787 1659 Platonem

107 1690 149 1733 in
196 1690 278 1733 hoc
325 1706 498 1748 quoque
539 1689 833 1747 pulcherrimo
881 1689 976 1733 loco
1023 1690 1325 1746 componendo
1360 1690 1601 1746 profectum
1635 1708 1731 1735 esse
1764 1708 1790 1736 a

108 1765 240 1809 simili
285 1765 380 1809 loco
427 1765 470 1808 in
514 1766 641 1822 Apol.
676 1765 788 1809 Xen.

167 1842 235 1885 Ne
266 1842 450 1886 moleste
480 1842 623 1886 ferant
658 1842 736 1885 viri
769 1842 882 1885 docti
916 1857 984 1885 me
1017 1857 1133 1885 nune
1166 1843 1427 1899 exprobrare
1460 1843 1646 1893 Platoni,
1674 1843 1789 1900 quod

110 1918 184 1962 alii
214 1918 364 1962 multis
396 1918 707 1975 plaudentibus
740 1917 1027 1974 Xenophonti
1060 1918 1192 1974 vulgo
1224 1918 1393 1961 crimini
1426 1918 1611 1962 dabant!

169 2067 292 2111 Alias
324 2083 497 2126 quoque
530 2068 804 2125 suspiciones
837 2069 878 2111 in
918 2068 1109 2112 medium
1143 2068 1334 2126 proferre
1362 2084 1448 2112 non
1481 2068 1789 2125 pudebit,licet

109 2143 352 2187 malevolae
389 2144 717 2188 obtrectationis
750 2144 929 2189 crimine
961 2160 1153 2188 accuser.
1187 2144 1446 2194 Identidem,
1480 2160 1576 2188 cum
1610 2144 1707 2200 lego
1740 2159 1792 2188 ea

111 2234 224 2276 quae
270 2219 385 2276 apud
428 2219 653 2262 Platonem
688 2219 729 2262 in
764 2220 859 2262 eius
893 2220 1054 2262 Phaed.
1088 2219 1200 2263 59A
1232 2219 1437 2275 leguntur
1467 2219 1548 2273 (καὶ
1580 2223 1721 2268 πάντες
1756 2221 1792 2260 οἱ

111 2296 303 2346 παρόντες
341 2297 479 2347 σχεδόν
521 2312 555 2335 τι
596 2297 697 2335 οὕτω
731 2298 958 2346 διεκείμεθα
991 2295 1051 2335 ὁτὲ
1083 2295 1154 2346 μὲν
1186 2300 1387 2347 γελῶντες,
1418 2296 1542 2335 ἐνίοτε
1575 2295 1616 2335 δὲ
1649 2297 1793 2347 δακρύ-

113 2386 234 2420 οντες,
279 2367 333 2417 εἷς
375 2370 416 2410 δὲ
447 2369 560 2422 ἡμῶν
596 2371 660 2410 καὶ
695 2372 976 2422 διαφερόντως,
1015 2372 1317 2422 Ἀπολλόδωρος·
1361 2368 1518 2410 οἶσθα
1559 2374 1651 2423 γάρ
1694 2387 1791 2411 που

113 2446 200 2485 τὸν
242 2446 405 2495 ἄνδρα
446 2447 649 2486 καὶτὸν
682 2449 876 2497 τρόπον
918 2445 1438 2499 αὐτοῦ.),ῐῐ11111νί(1001’
1469 2446 1792 2508 deprehendere

115 2519 346 2576 vestigium
380 2519 654 2570 imitationis,
686 2536 799 2577 quae
831 2536 878 2564 se
917 2525 1002 2563 met
1036 2520 1132 2577 ipsa
1164 2520 1443 2564 dissimulare
1481 2526 1664 2565 conatur
1695 2536 1792 2564 curn

115 2610 203 2638 rem
233 2595 389 2638 melius
419 2599 458 2638 et
490 2594 635 2639 critice
667 2600 852 2639 tractare
884 2595 1077 2639 simulat.
1120 2595 1307 2652 Corrigit
1339 2596 1444 2640 illud
1476 2599 1615 2650 παρὼν
1648 2599 1689 2637 δέ
1721 2615 1793 2645 τις

112 2670 241 2724 (Xen.
287 2671 369 2727 Ap.
397 2670 486 2724 28).
528 2670 812 2728 Xenophonti
844 2671 1154 2728 Apollodorus,
1188 2671 1224 2713 si
1256 2687 1342 2714 non
1376 2672 1565 2728 ignotus,
1598 2677 1792 2717 attamen

114 2745 293 2789 intimus
340 2745 508 2789 amicus
555 2745 691 2789 fuisse
740 2762 825 2789 non
880 2747 1104 2803 putandus
1151 2752 1229 2789 est.
1263 2747 1388 2790 Plato
1420 2752 1566 2791 autem
1600 2747 1794 2791 Socratis

115 2821 291 2865 intimos
323 2821 484 2878 optime
517 2836 564 2864 se
596 2826 724 2864 notos
759 2822 919 2865 habere
952 2821 1013 2864 sic
1045 2822 1276 2865 ostendere
1310 2822 1466 2866 studet.

174 2897 240 2941 Ita
284 2912 457 2954 quoque
502 2896 635 2940 verba
679 2899 813 2937 εἰώθει
860 2901 947 2950 γάρ,
993 2897 1107 2938 ὁπότε
1153 2899 1275 2951 τύχοι,
1320 2901 1474 2946 παίζειν
1517 2915 1593 2950 μου
1634 2900 1687 2946 εἷς
1728 2899 1794 2946 τὰς

117 2975 248 3026 τρίχας
293 2967 471 3025 (Phaed.
518 2972 573 3015 89
598 2971 648 3025 Β)
696 2987 781 3015 11011
835 2972 965 3015 mirer
1011 2972 1160 3016 addita
1192 2988 1288 3016 esse
1321 2988 1417 3017 eam
1451 2973 1505 3016 ob
1538 2988 1716 3017 causam
1750 2979 1795 3016 ut
