2019 3299
1058 164 1114 208 36

296 289 342 333 ln
376 289 502 346 Apol.
536 288 629 331 Plat
678 289 731 332 31
756 289 803 331 D.
835 288 1022 344 legimus
1053 288 1280 332 Socratem
1318 290 1358 328 τὰ
1393 290 1571 329 πολιτικὰ
1603 291 1789 343 πράττειν
1820 305 1918 347 pro-

237 365 375 408 hiberi
420 367 478 405 ὅτι
519 367 637 404 θεῖόν
669 381 701 404 τι
734 365 800 404 καὶ
832 366 1044 415 δαιμόνιον
1076 367 1264 418 γίγνεται,
1293 363 1313 404 ὃ
1345 365 1394 415 δὴ
1426 365 1491 403 καὶ
1523 365 1565 405 ἐν
1597 373 1642 421 τῇ
1673 374 1810 420 γραφῇ
1841 366 1923 406 ἐπι-

236 444 441 498 κωμῳδῶν
486 441 668 492 Μέλητος
710 441 921 494 ἐγράψατο.
965 440 1214 483 Secundum
1249 439 1414 496 Taylor
1447 455 1533 484 non
1566 440 1680 484 serio
1713 440 1916 484 Socrates

237 517 305 560 hic
355 516 548 573 loquitur
594 520 634 559 et
680 515 787 559 illud
835 515 1115 560 daemonium
1164 517 1215 556 ἐν
1262 524 1316 572 τῇ
1362 525 1532 571 γραφῇ
1571 520 1743 560 tantum
1786 516 1922 560 nomi.

236 597 378 643 natur,
427 607 512 635 non
560 592 603 635 in
650 594 863 636 oratione
910 592 1070 635 Meleti.
1120 591 1283 635 Contra
1328 607 1441 648 quae
1492 591 1600 635 haec
1648 592 1927 636 observanda

237 668 455 711 videntur:
513 667 771 724 particulam
825 669 875 719 δή
927 672 968 710 et
1025 666 1301 724 participium
1355 667 1624 724 ἐπικωμῴδων
1669 667 1815 725 potius
1859 667 1921 711 sic

234 744 490 800 accipienda
535 759 632 787 esse
671 748 717 787 ut
760 743 1002 800 significent
1047 743 1255 786 Meletum
1297 742 1579 786 daemonium
1611 748 1922 800 exaggeratum

234 825 275 864 et
316 824 518 864 ornatum
560 818 812 876 depinxisse
845 819 973 876 quasi
1007 834 1169 862 novum
1213 819 1355 870 deum,
1398 821 1512 878 quod
1544 820 1707 865 crimen
1742 835 1858 864 nunc
1889 835 1916 864 a

234 896 414 940 Socrate
474 895 638 939 ironice
696 894 930 952 (particula
986 897 1034 946 δή
1082 899 1124 938 et
1172 895 1304 939 verbo
1351 896 1637 953 ἐπικωμῴδων)
1681 895 1922 940 refellatur.

234 972 431 1016 Modeste
459 972 573 1015 enim
603 971 807 1015 Socrates
835 969 1090 1014 Platonicus
1108 985 1281 1027 semper
1297 971 1348 1015 de
1366 971 1599 1015 daemonio
1617 987 1697 1015 suo
1715 970 1922 1029 loquitur,

233 1064 328 1105 e.g.
372 1047 600 1091 Phaedrus
642 1047 728 1090 242
772 1046 822 1090 B.
840 1046 886 1089 C.
922 1047 983 1090 De
1015 1049 1227 1091 oratione
1260 1047 1509 1091 Meletinon
1541 1047 1748 1105 pugnabo
1780 1062 1921 1104 neque

233 1124 467 1181 quicquam
502 1123 642 1166 habeo
676 1122 790 1180 quod
824 1122 979 1166 dicam.
1009 1122 1190 1165 Nullum
1222 1138 1407 1180 usquam
1436 1123 1551 1180 apud
1579 1123 1808 1167 Platonem
1826 1111 1931 1166 eius·

234 1199 469 1256 vestigium
501 1198 617 1242 cerni
651 1198 814 1255 potest!
850 1198 1083 1255 Nusquam
1118 1198 1402 1255 impugnatur
1434 1198 1501 1242 vel
1535 1198 1773 1243 refutatur!

290 1276 415 1319 Alter
456 1275 578 1319 locus
616 1290 668 1318 ex
711 1274 861 1318 eodem
905 1274 1104 1324 Platone,
1144 1289 1273 1331 quern
1317 1273 1574 1331 scriptorem
1617 1274 1783 1332 Taylor
1812 1273 1922 1318 tanti

230 1352 348 1403 facit,
392 1351 528 1395 multo
571 1350 752 1395 maioris
800 1350 1010 1393 momenti
1053 1355 1132 1394 est.
1165 1349 1457 1407 Euthyphron
1490 1350 1594 1394 3B:
1637 1351 1736 1403 φησὶ
1767 1353 1841 1405 γάρ
1873 1367 1920 1403 με

231 1431 461 1483 ποιητὴν
508 1427 648 1470 εἶναι
696 1434 832 1469 θεῶν
873 1428 939 1468 καὶ
978 1428 1029 1476 ὡς
1070 1430 1289 1476 καινοὺς
1331 1436 1587 1468 ποιοῦντα
1630 1430 1795 1479 θεούς,
1825 1429 1918 1476 τοὺς

231 1505 270 1546 δ’
307 1506 495 1559 ἀρχαίους
523 1506 570 1545 οὐ
604 1506 827 1556 νομίζοντα,
857 1504 1057 1557 ἐγράψατο
1090 1506 1280 1544 τούτων
1312 1504 1481 1544 αὐτῶν
1513 1503 1668 1555 ἕνεκα,
1699 1499 1750 1552 ὧς
1782 1516 1917 1556 φησιν.

293 1583 525 1632 Μανθάνω,
567 1577 596 1621 ὦ
639 1582 860 1633 Σώκρατες·
895 1567 960 1620 4ὅτι
993 1580 1042 1631 δὴ
1076 1580 1124 1620 σὺ
1156 1580 1206 1619 τὸ
1240 1581 1523 1631 δαιμόνιον
1555 1580 1634 1631 φὴς
1666 1587 1797 1635 σαυτῷ
1829 1579 1917 1620 &noi-

229 1673 338 1700 στοτε
382 1660 605 1712 γίγνεσθαι,
650 1656 705 1696 ὥσ
751 1652 825 1696 οὗν
869 1657 1207 1707 καινοτομοῦντός
1249 1668 1322 1696 σου
1363 1655 1452 1709 περὶ
1488 1655 1534 1695 τὰ
1574 1660 1671 1696 θεῖα
1701 1655 1917 1709 γέγραπται

231 1737 378 1786 ταύτην
410 1734 482 1785 τὴν
514 1734 679 1786 γραφήν
712 1749 745 1772 κ.
763 1749 791 1771 τ.
809 1736 841 1772 λ.
1537 1716 1541 1724 ¹

291 1809 533 1853 Dolendum
591 1813 655 1852 est
702 1807 817 1865 quod
865 1808 981 1850 hunc
1026 1807 1169 1850 locum
1217 1806 1382 1864 Taylor
1429 1821 1514 1849 non
1562 1805 1719 1862 attigit.
1769 1805 1912 1850 Nobis

228 1887 350 1930 locus
398 1884 496 1929 usui
543 1900 639 1928 esse
686 1888 827 1940 potest
875 1883 1034 1941 quippe
1083 1899 1134 1927 ex
1180 1898 1267 1940 quo
1314 1886 1526 1939 appareat
1574 1897 1704 1925 omne
1751 1881 1914 1926 crimen

228 1960 433 2006 atheismi
466 1960 521 2004 ab
554 1959 834 2003 accusatione
868 1958 1017 2016 procul
1050 1958 1201 2002 fuisse.
1236 1958 1320 2009 Qui
1353 1974 1492 2001 novos
1520 1957 1624 2001 deos
1651 1962 1768 2001 creat
1794 1959 1916 2007 ἄθεος

230 2053 327 2082 esse
362 2052 447 2080 non
483 2040 641 2093 potest.
960 2077 963 2080 ,

286 2113 516 2156 Postremo
566 2110 783 2155 vocabula
828 2111 948 2150 καινὰ
996 2112 1182 2161 δαιμόνια
1231 2125 1318 2153 non
1364 2109 1491 2153 facile
1537 2108 1731 2166 intellegi
1781 2124 1911 2166 posse

230 2189 431 2232 videntur
472 2186 555 2230 nisi
588 2202 684 2230 cum
719 2185 953 2229 daemonio
986 2184 1182 2229 Socratis
1216 2184 1555 2241 coniunguntur.
1588 2184 1716 2228 Unde
1747 2184 1912 2229 factum

229 2268 294 2308 est
350 2268 397 2307 ut
451 2278 502 2306 eo
550 2263 647 2319 ipso
697 2260 910 2305 vocabulo
958 2260 1066 2304 satis
1114 2261 1289 2303 insolito
1336 2264 1616 2304 accusatores
1666 2264 1905 2304 uterentur.

228 2339 390 2392 Quidni
423 2354 521 2383 eum
560 2341 883 2382 accusaverunt
914 2339 1080 2385 καινοὺς
1114 2339 1236 2385 θεοὺς
1270 2336 1503 2388 εἰσφέρεινῖ)

651 2529 675 2577 ξ
709 2530 744 2565 4.
802 2528 978 2565 VOCEM
1005 2527 1126 2565 ESSE
1156 2526 1488 2564 DAEMONIUM.

287 2642 495 2699 Sequitur
550 2646 596 2684 ut
652 2640 981 2696 investigemus,
1030 2639 1226 2682 fontibus
1272 2638 1495 2693 adhibitis,
1543 2637 1645 2695 quid
1691 2643 1732 2682 et
1781 2638 1911 2696 quale

227 2718 359 2761 fuerit
390 2715 685 2760 daemonium.
719 2716 784 2758 Ex
810 2714 1028 2772 Apologia
1053 2714 1379 2770 Xenophontea
1403 2717 1584 2771 apparet
1604 2729 1754 2757 vocem
1773 2713 1911 2757 fuisse

227 2792 507 2837 daemonium
542 2792 624 2835 vid.
672 2791 731 2847 ἐξ
770 2792 835 2835 12.
875 2792 939 2835 13.
969 2791 1085 2834 Tota
1112 2790 1309 2834 defensio
1338 2790 1489 2833 nititur
1515 2805 1567 2833 ea
1583 2790 1910 2847 comparatione

227 2885 315 2927 qua
356 2869 431 2912 illa
478 2884 561 2912 vox
599 2868 818 2912 daemonii
851 2867 1074 2911 confertur
1106 2883 1204 2911 cum
1242 2866 1341 2910 aliis
1372 2868 1562 2911 vocibus
1593 2865 1679 2909 vim
1713 2865 1908 2910 divinam

227 2944 519 2988 habentibus:
568 2947 699 2984 Καινά
741 2962 781 2996 γε
814 2945 893 2995 μὴν
926 2946 1114 2994 δαιμόνια
1148 2952 1232 2982 πῶσ
1259 2943 1308 2982 ἂν
1341 2944 1413 2996 ἐγὼ
1446 2943 1665 2994 εἰσφέροιμι
1697 2946 1820 2994 λέγων
1853 2944 1909 2981 ὅτι
