2019 3299
1061 201 1117 243 802

191 315 193 321 ’
245 324 580 380 Cliaerephonti‚
615 324 779 380 optimo
812 325 968 371 amico‚
989 324 1185 381 ignotum
1224 324 1382 373 fuisse3
1418 324 1564 368 mirari
1599 341 1645 367 se
1664 324 1808 380 igitur,
1827 324 1928 381 quid

244 415 405 443 causae
444 399 585 447 fuerit,
619 400 734 456 quod
768 399 852 443 iter
886 400 1083 456 Delphos
1114 400 1273 443 faceret
1302 405 1341 441 et
1376 399 1427 441 de
1460 403 1704 454 sapientia
1736 399 1930 444 Socratis

246 475 495 531 Apollinem
530 475 800 523 consulel·et;
836 477 954 523 αὐτὸς
986 476 1059 528 γὰρ
1092 472 1142 527 ἦν
1175 476 1403 524 ἀξιόπιστος
1436 474 1536 526 ὑπὲρ
1568 476 1692 515 αὑτοῦ
1724 476 1848 528 λέγων
1879 476 1931 524 ὡς

248 552 321 591 οὐκ
352 552 432 591 ἔστι
464 552 602 601 σοφός.

307 625 448 669 Nobis
489 629 634 669 autem
680 625 762 669 hac
803 625 854 668 de
887 625 1146 682 quaestione
1181 624 1554 685 interrogantibus
1586 624 1812 669 Platonem
1845 641 1930 669 res·

247 716 433 756 ponsum
483 700 633 744 statim
682 700 855 744 dabitur
901 706 955 750 et,
989 717 1121 757 quam
1159 700 1384 744 verissime
1433 700 1601 757 poterit,
1650 700 1777 744 nobis
1819 701 1932 745 lianc

247 775 544 820 difficultatem
587 776 880 820 libentissime
923 776 1158 833 expediet?
1201 776 1302 819 Non
1346 776 1420 819 ita.
1463 776 1558 826 Quo
1602 775 1764 819 factum
1799 777 1854 820 sit
1886 782 1932 820 ut

247 851 413 895 sodalis
469 852 659 895 hominis
717 851 826 895 nihil
875 851 1056 895 scientis
1104 852 1155 895 de
1205 851 1398 895 eiusdem
1448 851 1641 894 hominis
1688 855 1933 907 sapientia

245 927 471 970 oraculum
516 927 736 984 Apollinis
779 927 1064 976 consuluerit,
1104 942 1323 984 nusquam
1357 927 1611 984 explicatur.
1645 927 1702 970 At
1734 927 1823 971 alia
1854 927 1932 970 dif-

246 1002 438 1046 ficultate
466 1003 691 1047 afficimur.
724 1004 823 1061 Ipse
842 1003 1000 1061 Apollo
1033 1003 1224 1047 declarat
1252 1003 1372 1046 illum
1403 1003 1639 1053 hominem,
1667 1003 1741 1060 qui
1769 1003 1932 1047 nullius

246 1078 454 1122 scientiae
490 1079 555 1121 vel
590 1079 834 1136 sapientiae
867 1079 952 1123 sibi
984 1078 1189 1122 conscius
1217 1084 1294 1128 est,
1329 1079 1526 1122 omnium
1555 1078 1931 1135 sapientissimum

247 1169 358 1197 esse.
407 1154 551 1197 Homo
596 1155 727 1198 miser
768 1170 915 1198 secum
958 1160 1145 1210 reputat,
1170 1154 1272 1212 quid
1301 1154 1383 1197 sibi
1420 1154 1520 1197 velit
1553 1154 1659 1198 illud
1692 1155 1931 1205 oraculum,

246 1229 372 1286 Apol.
402 1230 512 1274 Plat.
545 1231 656 1273 21ss
690 1234 726 1270 τί
755 1248 848 1271 ποτε
880 1233 980 1285 λέγει
1007 1231 1026 1271 ὁ
1061 1233 1170 1281 θεός,
1202 1231 1266 1270 καὶ
1299 1234 1335 1270 τί
1364 1247 1457 1270 ποτε
1489 1232 1720 1280 αἰνίττεται;
1754 1231 1828 1284 ἐγὼ
1859 1233 1932 1284 γὰρ

247 1306 295 1357 δὴ
324 1306 414 1346 οὔτε
446 1307 543 1359 μέγα
576 1307 666 1347 οὔτε
699 1307 864 1358 σμικρὸν
897 1308 1064 1355 ξύνοιδα
1092 1307 1246 1362 ἐμαυτῷ
1274 1307 1398 1355 σοφὸς
1431 1307 1499 1348 ὤν.
1524 1305 1731 1349 Attamen
1760 1306 1932 1349 mentiri

247 1381 424 1424 oraculo
457 1381 525 1425 fas
559 1398 645 1425 non
675 1387 755 1425 est.
785 1381 897 1432 Quid
930 1381 1097 1438 igitur?
1128 1381 1210 1424 Diu
1238 1380 1421 1431 dubitat,
1450 1396 1579 1438 aegre
1605 1386 1646 1424 et
1665 1381 1734 1424 vix
1757 1382 1932 1425 tandem

247 1456 485 1513 aliquando
529 1457 692 1515 aliquid
727 1456 908 1500 invenit.
954 1456 1193 1512 Explorare
1235 1457 1476 1506 oraculum,
1511 1456 1642 1499 immo
1675 1457 1934 1513 redarguere

247 1537 386 1588 parat.
419 1533 563 1589 Atque
598 1532 698 1576 hinc
730 1532 880 1589 incipit
913 1532 1154 1589 exploratio
1188 1531 1263 1576 illa
1295 1537 1335 1576 et
1372 1531 1598 1575 hominum
1637 1532 1932 1589 interrogatio.

248 1608 371 1659 Quae
418 1608 627 1666 quamdiu
676 1624 774 1652 eum
824 1608 1012 1651 tenuerit
1071 1607 1306 1651 nescimus.
1354 1607 1532 1664 Utique·
1564 1607 1605 1650 in
1650 1607 1733 1651 tria
1772 1623 1934 1664 genera

248 1684 475 1727 hominum
505 1683 746 1741 inquisivit.
780 1683 1014 1727 Neminem
1043 1699 1090 1726 se
1118 1683 1429 1740 sapientiorem
1458 1683 1625 1726 invenit
1643 1683 1933 1727 etdifflcultas

246 1765 349 1803 tunc
376 1760 522 1804 soluta
548 1766 662 1803 erat:
691 1760 798 1803 deus
816 1760 1069 1803 hominibus
1088 1760 1388 1803 demonstrare
1407 1759 1544 1802 voluit
1561 1759 1933 1816 sapientissimum

247 1851 358 1886 esse,
406 1837 509 1885 ὅστις
541 1838 671 1888 ὥσπερ
703 1838 922 1888 Σωκράτης
954 1837 1128 1889 ἔγνωκεν
1163 1837 1220 1876 ὅτι
1252 1837 1417 1883 οὐδενὸς
1444 1835 1552 1884 ἄξιός
1579 1835 1657 1875 ἐστι
1688 1843 1734 1890 τῇ
1765 1836 1933 1890 ἀληθείᾳ

246 1913 344 1961 πρὸς
376 1914 535 1962 σοφίαν.
571 1910 873 1954 N1H1LOM1NUS
900 1913 1051 1967 pergit
1082 1910 1309 1968 explorare
1343 1915 1472 1967 atque
1506 1909 1772 1967 investigare
1798 1910 1933 1954 homi-

248 2001 341 2030 nes.
387 1986 482 2029 Hoc
525 1986 697 2036 mirum,
738 1991 778 2030 et
811 1992 856 2030 ut
890 1991 1039 2044 aperte
1077 1986 1289 2042 dicamus,
1325 1986 1481 2030 verba:
1515 1985 1618 2027 ταῦτ’
1655 1983 1730 2027 οὖν
1764 1987 1836 2039 ἐγὼ
1866 1986 1936 2038 μὲν

246 2063 318 2102 ἔτι
351 2063 434 2102 καὶ
479 2070 573 2102 νῦν
614 2072 764 2115 περιῶν
806 2066 906 2114 ζητῶ
941 2065 1005 2102 καὶ
1038 2063 1186 2114 ἐρευνῶ
1219 2063 1319 2102 κατὰ
1351 2064 1418 2103 τὸν
1449 2064 1563 2113 θεόν,
1595 2061 1702 2105 mihi
1736 2061 1936 2105 Videntur

246 2153 342 2180 esse
375 2137 612 2181 admodum
645 2136 863 2193 simplicia
888 2141 1018 2195 atque
1050 2136 1264 2193 languida
1297 2152 1375 2180 nec
1403 2153 1489 2180 non
1520 2152 1571 2181 ea
1602 2152 1715 2194 quae
1747 2152 1933 2194 sequun-

246 2218 316 2256 tur
362 2229 420 2255 sc.
468 2213 549 2255 deo
592 2212 806 2256 auxilium
851 2212 964 2256 ferre
993 2212 1234 2266 Socratem,
1272 2228 1368 2256 cum
1413 2213 1684 2256 demonstrat
1716 2212 1934 2256 neminem

246 2304 342 2331 esse
375 2288 633 2345 sapientem.

304 2364 491 2420 Cognita
523 2364 689 2408 oraculi
723 2364 944 2407 sententia
977 2363 1169 2407 refutare
1204 2364 1338 2408 verba
1375 2364 1442 2407 dei
1476 2379 1562 2407 non
1592 2364 1679 2408 iam
1712 2379 1823 2421 opus
1855 2368 1932 2413 est,
1980 2398 1981 2401 η
2018 2395 2019 2398 ,

244 2439 364 2482 21C.
413 2441 578 2493 ἐλέγξων
620 2442 660 2479 τὸ
702 2445 890 2490 μαντεῖον
931 2441 995 2480 καὶ
1040 2441 1266 2490 ἀποφανῶν
1299 2448 1349 2496 τῷ
1382 2449 1542 2496 χρησμῷ
1582 2441 1638 2480 ὅτι
1671 2439 1807 2480 οὑτοσὶ
1838 2439 1933 2491 ἐμοῦ

246 2517 468 2568 σοφώτερός
500 2516 618 2565 ἐστιν,
650 2517 699 2555 σὺ
733 2515 766 2555 δ’
806 2515 871 2567 ἐμὲ
904 2516 1078 2567 ἔφησθα.
1122 2516 1182 2558 At
1212 2529 1343 2559 inune
1376 2515 1615 2571 interrogat
1648 2514 1847 2558 homines
1883 2516 1935 2559 ut

247 2604 419 2635 novum
461 2592 581 2634 illud
619 2593 923 2646 euanyelium
958 2592 1203 2645 praedicet¹
1234 2590 1305 2643 (23
1329 2590 1359 2632 Β
1394 2600 1443 2646 τῷ
1473 2596 1552 2646 θεῷ
1586 2594 1754 2642 βοηθῶν
1788 2591 1933 2630 ἐνδείκ-

246 2684 366 2718 νυμαι
407 2668 464 2706 ὅτι
500 2668 574 2707 οὐκ
611 2668 688 2706 ἔστι
721 2666 874 2720 σοφός),
909 2666 962 2709 de
995 2681 1168 2709 summo
1201 2665 1339 2721 gradu
1374 2665 1616 2722 sapientiae
1649 2662 1778 2719 (οὗτος
1812 2667 1936 2716 ὑμῶν,

245 2738 273 2781 ὦ
306 2742 530 2794 ἅνθρωποι,
557 2743 786 2792 σοφώτατός
814 2742 931 2793 ἐστιν,
958 2743 1061 2789 ὅστις
1091 2743 1220 2793 ὥσπερ
1247 2743 1466 2793 Σωκράτης
1492 2742 1662 2810 ἕγνωκίν
1690 2742 1746 2781 ὅτι
1769 2741 1934 2788 οὐδενὸς

245 2817 353 2865 ἄξιός
386 2817 463 2856 ἐστι
495 2825 540 2872 τῇ
572 2818 742 2872 ἀληθείᾳ
774 2818 872 2868 πρὸς
906 2819 1068 2867 σοφίαν,
1100 2816 1155 2859 23
1175 2815 1239 2863 Β).

304 2891 562 2940 Consilium,
612 2907 698 2948 quo
746 2892 942 2948 explorat
976 2897 1016 2935 et
1050 2891 1227 2948 inquirit
1262 2891 1304 2934 in
1337 2891 1553 2941 homines,
1587 2906 1703 2934 nunc
1735 2889 1931 2934 nonnihil

245 2969 486 3011 mutatum
533 2982 630 3010 esse
681 2967 893 3010 videmus.
938 2967 1168 3011 Praeterea
1204 2967 1330 3010 nobis
1363 2966 1562 3023 displicet
1595 2967 1658 3010 sic
1689 2966 1766 3009 toti
1800 2965 1932 3022 philo-
