2019 3299
181 866 449 924 Respicienti
506 866 611 909 mihi
655 866 848 922 spatium
892 865 1103 922 temporis
1150 865 1388 922 praeteriti,
1436 881 1520 921 quo
1563 865 1804 908 studiorum

122 957 257 985 causa
297 941 497 998 Lugduni
538 942 807 985 Batavorum
842 946 1138 984 commoratus
1177 945 1218 984 et
1250 941 1361 983 inter
1393 940 1510 983 cives
1544 940 1807 984 Academiae

125 1021 324 1060 versatus
377 1033 488 1067 sum,
548 1017 766 1074 permulta
813 1017 855 1059 in
904 1021 1096 1059 mentem
1146 1016 1327 1059 veniunt
1377 1016 1585 1073 varieque
1633 1015 1808 1059 animus

123 1097 434 1136 commovetur.
468 1092 592 1135 Ultro
619 1097 765 1136 tamen
795 1092 991 1135 animum
1022 1092 1138 1135 subit
1166 1092 1371 1148 cogitatio
1400 1091 1538 1134 multa
1565 1107 1633 1134 me
1660 1090 1809 1134 multis

125 1167 335 1211 beneficia
366 1168 536 1211 debere.

181 1243 298 1286 Inter
328 1259 438 1300 quos
474 1243 578 1286 mihi
611 1243 740 1287 liceat
773 1243 960 1300 primum
986 1243 1048 1286 Te
1075 1243 1253 1300 alloqui,
1282 1242 1526 1287 clarissime
1558 1243 1808 1289 vamum«,

123 1324 342 1375 promotor
383 1319 771 1362 aestumatissime‚
816 1319 1026 1375 Tempus
1068 1334 1153 1376 quo
1197 1318 1295 1362 Tua
1327 1319 1502 1375 egregia
1535 1317 1810 1361 institutione

121 1394 205 1437 frui
239 1393 343 1437 mihi
376 1394 511 1442 licuit,
547 1394 756 1451 perbreve
789 1400 882 1437 erat
915 1409 1054 1451 neque
1087 1394 1193 1437 mihi
1223 1394 1404 1449 contigit
1432 1398 1478 1437 ut
1506 1392 1669 1437 diutius
1701 1392 1810 1436 Tuis

121 1469 382 1515 lectionibus
415 1472 688 1513 interessem.
724 1470 771 1513 In
804 1470 1118 1513 conscribendo
1153 1485 1256 1513 vero
1290 1470 1371 1513 hoc
1396 1469 1545 1513 libello
1571 1469 1635 1512 Te
1665 1483 1812 1525 exper-

121 1550 191 1588 tus
225 1561 320 1589 sum
356 1546 512 1589 fortem
547 1550 587 1589 et
620 1551 848 1589 strenuum
882 1551 922 1589 et
959 1545 1428 1589 benevolentissimum
1461 1546 1638 1588 Ducem.
1667 1543 1812 1587 Veris·

121 1620 279 1664 simum
317 1620 463 1663 Tuum
508 1621 713 1664 iudicium
758 1636 894 1677 saepe
939 1620 1059 1669 mihi,
1106 1620 1248 1670 tironi,
1293 1621 1407 1663 bono
1454 1620 1559 1669 fuit;
1594 1618 1811 1676 sapientia

122 1696 220 1740 Tua
260 1701 301 1739 et
338 1696 631 1753 temperantia
663 1697 732 1740 hic
764 1702 894 1753 atque
932 1696 1019 1740 illic
1053 1697 1291 1740 iuvenilem
1326 1696 1525 1740 ardorem
1560 1695 1812 1739 moderatus

122 1788 188 1817 es:
234 1787 366 1829 saepe
410 1788 477 1815 me
521 1773 743 1821 monuisti,
789 1772 861 1815 ubi
906 1772 1200 1829 imprudentia
1239 1772 1392 1829 lapsus
1425 1787 1543 1815 eram
1578 1775 1652 1815 aut
1686 1785 1812 1826 argu-

121 1847 328 1891 mentatio
377 1848 589 1891 infirmior
637 1854 752 1897 e1·at;
796 1847 1155 1891 liberalissimum
1199 1848 1240 1890 in
1276 1848 1455 1891 niodum
1494 1846 1631 1890 otium
1665 1845 1811 1889 Tuum

93 1922 225 1966 mihi
274 1939 447 1980 semper
494 1923 767 1980 impendisti;
817 1939 949 1980 saepe
996 1923 1129 1967 alacri
1175 1929 1215 1966 et
1258 1928 1401 1967 erecto
1443 1922 1592 1966 animo
1634 1922 1812 1965 domum

121 1998 278 2042 reverti
325 2014 351 2042 a
395 1999 458 2042 Te
501 1999 728 2042 discedens
772 2004 869 2056 post
904 1999 1271 2043 iucundissimum
1304 1998 1571 2056 colloquium
1605 1996 1816 2041 eruditior

121 2073 220 2118 Tua
251 2074 471 2131 sapientia
503 2080 543 2118 et
577 2075 788 2118 doctrina.
825 2075 1101 2118 Postremum
1139 2091 1255 2124 vero,
1289 2091 1387 2118 curn
1422 2075 1530 2118 haec
1562 2072 1815 2117 dissertatio

120 2149 351 2206 iniquitate
378 2154 624 2206 temporum
645 2166 782 2207 paene
810 2166 1023 2208 oppressa
1041 2155 1170 2198 esset.
1200 2151 1394 2207 optimus
1423 2150 1643 2194 Patronus
1678 2148 1811 2192 huius

118 2223 252 2267 libelli
290 2224 496 2268 exstitisti
545 2231 585 2269 et
633 2225 852 2282 integrum
896 2241 995 2269 eum
1044 2226 1086 2268 in
1130 2230 1223 2269 tuto
1262 2225 1501 2269 collocasti.
1538 2225 1620 2268 Pro
1654 2223 1814 2281 quibus

123 2299 345 2342 beneficiis
380 2300 546 2356 gratias
583 2300 683 2344 Tibi
725 2317 808 2357 ago
850 2306 891 2344 et
939 2301 1081 2344 habeo
1123 2316 1256 2357 quam
1303 2300 1518 2344 maximas
1556 2313 1814 2356 semperque

123 2373 310 2417 habebo,

180 2449 280 2492 Tibi
313 2466 501 2507 quoque,
537 2450 781 2494 clarissime
822 2451 1062 2500 HARTMAN‚
1099 2456 1190 2493 toto
1229 2451 1357 2494 corde
1395 2455 1547 2507 gratus
1577 2465 1688 2498 sum,
1728 2464 1814 2492 non

122 2526 264 2570 solum
297 2543 372 2583 pro
406 2527 504 2571 Tua
538 2527 812 2571 institutione
846 2533 886 2571 et
919 2528 1116 2571 doctrina
1149 2532 1187 2570 et
1223 2528 1338 2585 quod
1368 2526 1582 2584 singulari
1612 2526 1687 2570 illa
1717 2526 1816 2570 Tua

123 2600 164 2644 in
212 2601 367 2645 Latino
416 2618 617 2645 sermone
660 2602 869 2646 facultate
914 2603 1146 2646 verborum
1189 2603 1412 2646 studiosos
1454 2617 1630 2660 quoque
1668 2617 1815 2645 amore

120 2676 298 2732 linguae
340 2676 523 2720 Latinae
557 2676 751 2720 imbuere
784 2677 914 2726 soles,
949 2678 1023 2721 sed
1057 2677 1189 2721 etiam
1224 2693 1301 2734 pro
1335 2677 1434 2721 Tua
1466 2676 1742 2721 humanitate
1775 2681 1817 2720 et

123 2744 385 2795 liberalitate
433 2757 472 2795 et
522 2752 836 2807 hospitalitate.
890 2753 1204 2796 Benevolentia
1251 2753 1363 2802 Tua,
1407 2768 1493 2810 qua
1534 2767 1602 2794 me
1645 2766 1817 2808 semper

124 2831 382 2880 prosecutus
415 2842 476 2876 es,
509 2827 687 2883 saepius
722 2827 936 2870 iacentem
971 2827 1157 2870 studiosi
1187 2828 1382 2871 animum
1412 2826 1610 2870 excitasti
1641 2830 1682 2868 et
1708 2825 1816 2869 Tuis

127 2901 269 2944 verbis
311 2917 391 2956 ego
434 2918 607 2960 quoque
651 2918 701 2945 ex
743 2903 925 2947 tristitia
967 2908 1188 2947 recreatus
1233 2918 1328 2947 sum
1366 2903 1406 2946 in
1441 2902 1570 2945 rebus
1603 2901 1815 2952 adversis,
