2019 3299
1008 175 1088 218 126

168 332 171 338 -
202 302 368 358 fugeret
402 300 607 343 lectorem
642 299 744 343 ficta
776 315 874 342 esse
908 299 1017 342 haec
1050 314 1076 341 a
1104 298 1300 342 Platone.
1327 297 1542 341 Videntur
1561 297 1695 341 verba
1710 297 1891 354 prodere

203 377 479 425 imitatorem,
508 375 581 432 qui
609 375 685 418 tali
710 374 943 424 sententia,
975 375 1015 416 in
1047 373 1299 430 parenthesi
1317 373 1569 416 illustrandi
1587 377 1628 415 et
1645 371 1890 429 explicandi

202 468 338 497 causa
368 451 584 509 apposita,
619 451 761 494 celare
795 454 980 493 conatur
1012 450 1063 492 de
1096 465 1177 492 suo
1210 465 1256 492 se
1289 449 1453 505 aliquid
1486 450 1747 503 confingere.

262 526 452 584 Saepius
483 526 609 569 Plato
643 525 856 568 eiusmodi
891 525 991 582 quid
1026 524 1160 572 addit,
1195 524 1268 567 ubi
1303 539 1463 567 novam
1492 528 1623 581 alque
1646 522 1889 566 inauditam

204 619 291 646 rem
334 617 360 646 a
402 618 448 645 se
492 601 786 657 excogitatam
839 616 866 643 a
912 599 1095 643 crimine
1144 600 1292 643 laesae
1340 599 1439 642 fidei
1493 598 1729 642 historicae
1781 598 1891 641 tueri

204 678 361 732 studet,
407 678 460 720 cf.
509 677 662 733 Symp.
723 676 834 719 Plat.
887 675 970 718 174
999 675 1050 725 A,
1109 675 1183 717 ubi
1240 674 1459 724 Socrates,
1517 674 1632 731 quod
1686 673 1893 717 omnibus

203 754 441 797 maximam
487 751 823 796 admirationem
873 751 1067 794 movisse
1113 750 1317 793 credibile
1365 755 1444 800 est,
1478 765 1565 793 non
1598 751 1776 807 ἄλουτος,
1806 764 1892 792 non

203 830 468 880 ἀνυπόδητος,
509 827 584 870 sed
631 826 853 871 calceatus
901 831 942 870 et
990 826 1176 870 vestitus
1224 826 1431 882 procedit,
1480 830 1526 869 ut
1577 841 1674 869 cum
1722 824 1893 869 Catullo

203 904 452 961 loquamur,
503 908 740 959 „tanquam
792 918 943 946 scurra
986 907 1060 945 aut
1103 902 1138 945 si
1173 902 1275 959 quid
1319 902 1400 945 hac
1448 917 1492 944 re
1519 900 1724 944 tersiuS.”
1762 899 1896 943 Addit

203 980 327 1023 Plato
361 980 455 1036 ipse
490 1006 539 1010 ——a
575 994 661 1021 non
696 978 982 1034 interpolator
1015 977 1233 1021 mehercle
1254 1005 1304 1009 —
1325 978 1349 1017 ἃ
1381 979 1530 1024 ἐκεῖνος
1557 976 1733 1030 ὀλιγάκις
1761 977 1894 1016 ἐποίει.

263 1055 438 1099 Tertius
484 1055 621 1103 locus,
669 1054 743 1111 qui
791 1054 876 1097 huc
924 1053 1041 1103 facit,
1082 1053 1240 1109 legitur
1272 1053 1435 1097 Phaed.
1475 1052 1608 1096 5913:
1644 1054 1808 1092 Πλάτων
1841 1051 1896 1098 δέ,

203 1129 325 1182 οἶμαι,
356 1131 535 1183 ἠσθένει,
566 1145 699 1187 quam
733 1129 1062 1172 excusationem
1107 1145 1205 1172 cum
1249 1129 1462 1172 ZELLERIO
1493 1127 1621 1182 (Phil.
1661 1127 1699 1170 d.
1732 1125 1894 1183 griech.

204 1206 258 1255 II,
296 1205 355 1255 14,
388 1206 591 1258 400A3)
624 1220 710 1248 non
746 1220 895 1248 veram
929 1220 1028 1248 esse
1060 1204 1275 1261 suspicor.

263 1282 432 1333 Quibus
478 1281 585 1324 locis
632 1297 718 1324 non
768 1296 950 1337 possum
990 1296 1075 1324 non
1116 1280 1332 1324 recordari
1367 1280 1501 1323 verba
1533 1278 1736 1322 Timonis
1769 1276 1894 1321 Sillo-

203 1357 358 1414 graphi
391 1357 507 1414 apud
540 1357 821 1400 Athenaeum
864 1356 928 1399 XI
965 1357 1031 1405 15,
1069 1358 1180 1400 505:
1206 1356 1338 1396 ’Ἀλλοι
1370 1356 1411 1395 δέ
1443 1357 1582 1406 φάσιν,
1611 1354 1662 1402 ὡς
1694 1354 1895 1407 ἀναγνοὺς

202 1436 371 1487 Γοργίας
417 1435 484 1474 τὸν
533 1436 745 1481 Πλάτωνος
791 1435 979 1486 διάλογον
1020 1434 1119 1485 πρὸς
1162 1433 1253 1480 τοὺς
1295 1433 1495 1487 παρόντας
1530 1428 1653 1482 εἶπεν,
1685 1431 1742 1470 ὅτι
1774 1428 1894 1470 οὐδὲν

202 1512 352 1550 τούτων
399 1510 487 1550 οὔτε
533 1507 656 1561 εἶπεν,
701 1509 791 1549 οὔτε
837 1509 996 1561 ἤκουσε·
1045 1512 1169 1548 ταῦτά
1210 1521 1311 1558 φασι
1341 1507 1407 1547 καὶ
1443 1508 1635 1547 Φαίδωνα
1668 1506 1895 1558 ἀναγνόντα

205 1586 273 1625 τὸν
304 1585 391 1637 περὶ
423 1592 566 1637 ψυχῆς·
601 1585 662 1624 διὸ
696 1584 762 1623 καὶ
792 1589 919 1632 καλῶς
953 1583 972 1624 ὁ
1008 1586 1142 1635 Τίμων
1173 1583 1262 1635 περὶ
1296 1584 1419 1623 αὐτοῦ
1453 1584 1542 1634 ἔφη·

256 1660 326 1709 ‘529
358 1661 570 1701 ἀνέπλαττε
603 1662 772 1699 Πλάτων
804 1660 1063 1711 πεπλασμένα
1095 1661 1287 1710 θαύματα
1320 1659 1446 1706 εἰδώς.

264 1737 350 1780 Sed
384 1737 491 1780 haec
524 1740 565 1778 et
597 1735 685 1779 alia
716 1751 768 1778 ex
801 1751 851 1778 eo
884 1750 1043 1791 genere
1076 1734 1230 1777 ultimo
1264 1733 1396 1790 capiti
1434 1733 1795 1776 asservabuntur.

754 2058 884 2113 §QL
949 2058 998 2101 Β.
1044 2058 1112 2100 De
1154 2056 1352 2113 Anyto.

266 2255 312 2297 In
347 2255 474 2312 Apol.
507 2256 621 2299 Xen.
655 2257 725 2299 29.
765 2256 874 2300 haec
913 2256 1140 2311 leguntur:

264 2333 412 2384 λέγεται
459 2332 500 2372 δὲ
546 2333 611 2372 καὶ
650 2332 820 2372 ’Ἁνυτον
867 2332 1061 2380 παριόντα
1110 2331 1208 2370 ι’ὁὼν
1241 2331 1377 2369 εἰπεῖν·
1414 2326 1503 2369 Ἀλλ’
1540 2327 1560 2368 ὅ
1593 2326 1664 2379 μὲν
1695 2326 1796 2378 ἀνὴρ
1829 2327 1895 2366 ὅδε

205 2409 364 2459 κυδρός,
411 2407 461 2455 ὡς
507 2408 605 2461 μέγα
652 2424 689 2447 τε
736 2407 804 2447 καὶ
850 2408 972 2446 καλὸν
1021 2405 1380 2458 διαπεπραγμένος,
1426 2405 1457 2444 εἱ
1499 2402 1691 2443 ἀπέκτονέ
1736 2417 1795 2453 με,
1836 2402 1894 2441 ὅτι

205 2484 326 2523 αὐτὸν
358 2491 435 2522 τῶν
467 2485 658 2535 μεγίστων
691 2484 770 2522 ὑπὸ
811 2489 879 2533 τῆς
920 2484 1069 2529 πόλεως
1103 2480 1206 2532 ὁρῶν
1239 2481 1478 2530 ἀξιούμενον
1512 2479 1587 2518 οὐκ
1619 2478 1722 2529 ἔφην
1753 2483 1892 2529 χρῆναι

206 2559 273 2598 τὸν
304 2559 394 2597 υἱὸν
426 2559 512 2610 περὶ
545 2561 694 2610 βύρσας
727 2559 945 2598 παιδεύειν.
980 2557 1031 2604 ὡς
1064 2557 1266 2608 μοχθηρὸς
1300 2551 1428 2604 οὗτος,
1459 2554 1550 2605 ἔφη,
1583 2551 1625 2600 ὃς
1658 2553 1731 2592 οὐκ
1768 2552 1894 2591 ε’ὀικεν

205 2633 365 2683 εἰδέναι,
411 2634 468 2673 ὅτι
515 2634 699 2685 ὁπότερος
751 2632 865 2684 ἡμῶν
912 2633 979 2672 καὶ
1026 2633 1313 2682 συμφορώτερα
1361 2630 1426 2669 καὶ
1472 2630 1616 2669 καλλίω
1653 2628 1707 2675 εἰς
1734 2628 1802 2667 τὸν
1834 2625 1895 2666 ἀεὶ

205 2711 350 2760 χρόνον
383 2710 684 2758 διαπέπρακται,
716 2705 830 2755 οὗτός
862 2708 940 2747 ε’στι
972 2708 1037 2746 καὶ
1071 2706 1090 2746 ὃ
1123 2714 1256 2745 νικῶν.

267 2784 316 2827 In
365 2784 505 2840 capite
552 2784 691 2841 primo
718 2783 746 2837 1)
796 2783 881 2826 iam
931 2783 982 2825 de
1030 2783 1111 2825 hoc
1157 2781 1252 2824 loeo
1301 2779 1625 2836 disputavimus
1671 2781 1711 2820 et
1749 2774 1893 2819 conati

255 2965 277 3006 1)
305 2963 394 3007 cap.
420 2962 446 3003 1,
471 2962 492 3006 ς
516 2962 547 2996 3.
