2019 3299
908 191 963 234 65

141 314 262 365 Quae
293 314 525 357 diversitas
562 314 798 356 admodum
834 313 1033 357 miranda
1064 319 1142 356 est.
1181 313 1349 356 Etenim
1383 312 1546 355 similia
1582 327 1631 354 ex
1670 304 1764 367 i'psa

82 389 274 433 Socratis
307 388 524 444 Apologia
556 393 766 445 tauquam
799 404 849 430 ex
882 388 1102 431 communi
1139 388 1255 431 sonte
1276 389 1436 431 hausta
1454 403 1550 429 esse
1580 386 1765 428 libenter

85 463 208 506 nobis
242 463 599 519 persuadeamus,
634 463 689 505 At
722 463 847 505 aliter
880 478 948 505 res
976 479 1021 505 se
1052 463 1183 505 habet
1202 462 1273 505 ubi
1293 461 1526 505 dissimilia
1544 461 1763 517 leguntur,

87 538 153 581 vel
185 537 346 580 similia
379 542 419 580 et
457 537 571 593 apud
600 537 711 579 Xen.
741 541 781 579 et
809 537 923 593 apud
950 537 1176 580 Platonem
1196 537 1383 579 diversis
1402 542 1546 579 autem
1568 535 1765 592 partibus

19 605 24 607 Δ
86 612 312 669 utriusque
359 612 614 668 Apologiae.
663 611 760 654 Nisi
808 612 917 654 forte
964 612 1183 654 credimus
1232 612 1297 653 bis
1349 627 1401 654 ea
1448 612 1562 653 dicta
1605 626 1701 652 esse
1743 625 1768 652 a

86 688 278 736 Socrate,
311 687 425 743 quod
460 686 608 730 statim
643 687 796 730 reicio!

142 762 208 805 Ad
240 762 370 805 aliam
404 767 494 805 tum
529 762 934 818 interpretationem
969 761 1310 817 confugiendum
1345 765 1424 803 est.
1456 760 1545 802 Aut
1572 759 1696 802 alteri
1725 759 1767 802 in

85 836 300 893 Apologia
331 850 413 879 sua
444 838 638 881 liberius
665 837 970 892 componenda
995 836 1175 879 alterius
1202 836 1410 891 scriptum
1442 850 1543 891 prae
1562 834 1768 877 manibus

86 911 180 960 fuit,
222 911 335 968 quod
377 910 647 954 liberrimum
692 911 733 953 in
781 912 956 954 modum
987 911 1027 953 in
1063 927 1191 954 suuni
1226 926 1352 953 usuni
1387 909 1614 957 convertit,
1648 909 1769 951 nulla

86 986 182 1029 fidei
216 985 448 1029 historicae
483 985 632 1029 h‘abita
664 985 846 1035 ratione,
875 990 948 1029 aut
982 990 1164 1042 uterque
1197 1001 1277 1028 suo
1311 984 1439 1027 modo
1472 983 1602 1026 refert
1636 984 1769 1026 verba

87 1060 280 1105 Socratis
327 1077 439 1118 quae
486 1077 512 1104 a
554 1061 788 1105 Socraticis
821 1061 876 1104 ab
907 1061 995 1104 alio
1029 1061 1155 1104 aliter
1187 1061 1385 1103 certatim
1419 1059 1641 1102 celebrata
1672 1074 1769 1101 esse

88 1136 301 1182 videntur.
349 1140 423 1178 aut
470 1136 623 1178 tertius
666 1135 849 1191 scriptor
891 1135 1061 1192 utrique
1101 1135 1199 1178 fons
1240 1134 1486 1177 communis
1518 1133 1614 1176 fuit.
1647 1133 1768 1184 Quae

86 1210 285 1267 quaestio
333 1209 401 1251 hic
448 1214 789 1252 commemorata
831 1214 1003 1252 tantum
1048 1215 1201 1265 postea
1242 1209 1506 1251 coniunctim
1541 1223 1637 1251 cum
1673 1207 1770 1251 aliis

86 1285 313 1329 tractanda
346 1284 438 1328 erit.

143 1360 285 1404 Unum
321 1360 445 1404 nobis
474 1360 706 1404 molestum
737 1365 816 1410 est,
845 1377 870 1404 a
895 1359 1190 1417 Xenophonte
1220 1376 1305 1403 non
1333 1360 1482 1404 omnia
1500 1359 1768 1407 nobistradi,

85 1436 167 1492 Ap.
201 1436 315 1479 Xen.
348 1437 404 1479 22
437 1435 515 1476 ἀλλ’
552 1436 625 1489 ἐγὼ
658 1437 705 1476 οὐ
738 1437 784 1475 τὰ
813 1438 942 1475 πάντα
976 1438 1100 1476 εἰπεῖν
1132 1437 1177 1476 τὰ
1209 1437 1251 1476 ἐκ
1283 1444 1350 1488 τῆς
1383 1438 1494 1487 δίκης
1527 1436 1768 1475 ἐσπούδασα.

144 1510 190 1553 ln
225 1509 530 1567 comparandis
562 1514 708 1553 autem
744 1510 902 1559 verbis,
936 1510 1246 1555 locutionibus.
1288 1510 1517 1553 sententiis
1551 1509 1769 1552 similibus

87 1586 152 1628 vel
180 1586 467 1629 dissimilibus
498 1585 611 1628 hanc
629 1601 759 1642 quam
780 1601 913 1641 supra
930 1585 1222 1629 indicavimus
1240 1585 1499 1628 divisionem
1519 1599 1766 1641 sequemur.

252 1750 276 1796 ξ
305 1752 340 1786 2.
396 1751 531 1787 PARS
558 1750 737 1793 PRIMA,
768 1749 1103 1795 COLLOQUIUM
1132 1749 1239 1787 CUM
1272 1749 1593 1786 HERMOGENE

446 1867 496 1909 A.
535 1867 602 1909 De
646 1866 1069 1910 intercessione
1112 1866 1412 1911 daemonii.

89 1973 215 2031 Apol.
250 1973 361 2016 Xen.
395 1974 435 2017 4.
989 1975 1115 2032 Apol.
1149 1976 1258 2018 Plat.
1303 1975 1359 2018 40
1378 1974 1430 2017 A.

147 2051 207 2097 ὁὶς
262 2049 339 2100 ἤδη
396 2050 715 2102 ἐπιχειρήσαντός
782 2066 859 2099 μου
923 2077 924 2088 i
1047 2050 1070 2102 ἡ
1102 2052 1175 2103 γὰρ
1209 2052 1378 2090 εἷωθυῐά
1411 2067 1477 2100 μοι
1516 2052 1769 2100 μαντική,

89 2131 251 2166 σκοπεῖν
269 2127 355 2176 περὶ
383 2133 449 2176 τῆς
472 2126 687 2178 ἀπολογίας
721 2126 860 2164 ἐναν-
923 2155 925 2167 ‚
987 2125 1011 2177 ἡ
1056 2134 1142 2166 τοῦ
1187 2128 1502 2175 δαιμονίου,
1535 2125 1576 2164 ἐν
1610 2141 1681 2173 μεν
1716 2134 1766 2179 τῷ

90 2203 298 2241 τιοῦταί
327 2217 412 2252 μοι
444 2201 493 2240 τὸ
528 2202 825 2250 δαιμόνιον.
923 2189 925 2203 ¹
987 2202 1167 2252 πρόσθεν
1200 2203 1326 2256 χρόνῳ
1353 2200 1471 2239 παντὶ
1498 2202 1604 2240 πάνυ
1633 2201 1766 2250 πυκνὴ

89 2275 217 2332 Apol.
254 2275 366 2318 Xen.
399 2276 440 2319 8.
988 2276 1047 2315 ἀεὶ
1095 2272 1144 2327 ἦν
1200 2275 1264 2314 καὶ
1323 2277 1430 2315 πάνυ
1479 2276 1540 2314 ἐπὶ
1588 2279 1766 2326 σμικροῖς

148 2351 280 2402 ὀρθῶς
314 2350 356 2390 δὲ
388 2353 438 2391 οἱ
467 2352 584 2391 θεοὶ
622 2352 732 2391 τότε
765 2367 860 2401 μου
989 2350 1402 2400 ἐναντιουμένη,
1444 2351 1482 2389 εἴ
1518 2367 1551 2389 τι
1586 2351 1764 2400 μέλλοιμι

91 2426 471 2478 ἠναντιοῦντο,
502 2428 628 2474 φάναι
657 2426 794 2472 αὐτόν,
816 2433 861 2480 τῇ
924 2443 926 2475 2
989 2426 1041 2476 μὴ
1075 2424 1209 2475 ὀρθῶς
1242 2427 1418 2474 πράξειν.

34 2555 36 2557 ¹
90 2508 158 2541 τοῦ
190 2503 309 2554 λόγου
343 2501 555 2550 ἐπισκέψει.
594 2503 599 2507 ’
925 2501 926 2510 ’
988 2499 1116 2556 Apol.
1150 2498 1261 2541 plat.
1294 2499 1352 2543 40
1372 2499 1422 2542 Β.

1049 2575 1352 2626 ἠναντιώθη
1382 2576 1430 2615 τὸ
1454 2579 1665 2626 σημεῖον,
1693 2581 1768 2613 νῦν

929 2689 930 2694 ,
991 2649 1032 2689 δὲ
1065 2650 1248 2699 οὐδαμοῦ
1283 2649 1605 2700 ἠναντίωταί
1635 2666 1712 2700 μοι.

929 2742 931 2780 3
991 2723 1119 2779 Apol.
1153 2722 1263 2767 Plat.
1297 2723 1354 2766 40
1373 2722 1418 2766 C.

929 2811 931 2824 ’
1051 2800 1098 2838 οὐ
1131 2799 1204 2851 γὰρ
1238 2796 1322 2838 ἔσθ’
1353 2799 1459 2845 ὅπως
1492 2799 1583 2838 οὐκ
1618 2798 1641 2849 ἠ
1657 2815 1767 2837 ναν-

928 2889 930 2929 j
992 2876 1158 2925 τιώθη
1215 2873 1275 2912 ἄν
1332 2889 1417 2924 μοι
1476 2875 1528 2913 τὸ
1581 2874 1768 2920 εἰωθὸς

994 2953 1214 2999 σημεῖον
1249 2952 1380 2987 κ.τ.λ.

164 3023 326 3057 Apologia
345 3022 601 3056 Xenophontea.
1648 3017 1663 3043 5
