2019 3299
1045 173 1127 215 54>

280 294 330 337 In
363 294 661 351 disputatione
695 300 734 339 et
768 290 1085 349 declamatione
1118 297 1225 340 deus
1259 298 1344 341 dux
1377 302 1442 340 est
1476 302 1516 341 et
1551 303 1677 342 tutor.

276 369 508 413 Peccatum
541 375 689 413 autem
723 370 899 427 expiare
933 371 1106 415 iubetur
1136 388 1162 416 a
1193 376 1444 418 daemonio
1481 374 1567 417 242
1600 374 1645 417 C.

283 444 437 501 Neque
480 445 588 489 haec
635 445 897 489 omittenda:
947 447 1032 490 242
1052 447 1099 497 C,
1140 448 1205 499 ἐμὲ
1238 449 1311 501 γὰρ
1345 450 1489 501 ἔθραξε
1520 450 1591 501 μέν
1623 467 1656 489 τι
1689 450 1752 489 καὶ
1791 452 1910 489 πάλαι

222 520 383 573 λέγοντα
416 522 483 560 τὸν
515 523 644 574 λόγον.

280 595 515 639 Praeterea
547 596 631 640 huc
663 596 831 640 faciunt
862 598 946 642 279
968 598 1025 642 B:
1059 607 1180 638 ταῦτα
1208 601 1256 651 δὴ
1285 596 1359 640 οὗν
1387 599 1551 654 ἐγὼμὲν
1583 602 1720 649 παρὰ
1750 602 1910 640 τῶνδε

222 680 317 712 τῶν
363 678 501 712 θεῶν
548 673 599 721 ὡς
647 674 753 724 ἐμοῖς
801 677 1003 722 παιδικοῖς
1038 674 1250 726 Ἰσοκράτει
1287 676 1588 729 ἐξαγγέλλω.
1621 675 1744 726 Quae
1779 675 1912 718 verba

223 747 348 790 nobis
393 748 432 790 in
478 753 666 791 mentem
710 755 918 793 revocant
961 765 1073 807 quae
1115 747 1319 806 leguntur
1358 751 1399 794 in
1438 751 1551 794 Xen.
1584 750 1712 807 Apol.
1752 751 1801 794 13
1833 759 1910 790 τῶν

222 825 350 872 φίλων
376 828 534 871 πολλοῖς
567 826 616 875 δὴ
649 826 873 878 ἐξαγγείλας
905 827 950 864 τὰ
983 834 1050 866 τοῦ
1084 832 1185 866 θεοῦ
1218 830 1551 879 συμβουλεύματα
1584 843 1617 866 κ.
1635 832 1714 866 τ.λ.

281 898 369 940 Aut
401 902 517 941 certa
548 903 588 941 et
623 899 786 943 usitata
819 916 916 943 esse
948 900 1111 944 locutio
1147 901 1318 945 videtur
1350 906 1426 944 aut
1457 901 1568 945 ratio
1600 889 1751 959 aliqua
1787 901 1910 945 alteri

222 973 422 1030 scriptori
454 989 551 1016 cum
585 974 723 1025 ¹altero
756 975 999 1020 intercedit.

283 1124 404 1168 Haec
450 1125 598 1169 omnia
645 1126 785 1183 ipsius
834 1128 1029 1171 Socratis
1060 1129 1288 1172 ‘commodi
1322 1144 1458 1173 causa
1488 1129 1611 1172 fiunt.
1645 1129 1767 1180 Quae
1798 1128 1910 1172 ratio

222 1204 369 1243 autem
416 1200 641 1245 intercedit
692 1203 801 1245 inter
852 1203 1048 1247 Socratis
1096 1205 1378 1248 daemonium
1429 1210 1469 1248 et
1517 1204 1713 1248 Socratis
1745 1204 1911 1248 amicos

223 1275 436 1319 intimos?

281 1351 577 1409 Xenophonte
607 1358 785 1397 auctore
817 1354 855 1397 ei
888 1371 1062 1413 quoque
1094 1356 1168 1413 qui
1201 1356 1356 1400 intima
1383 1356 1577 1400 amicitia
1605 1372 1702 1399 cum
1731 1355 1911 1399 Soclate

222 1427 443 1471 coniuncti
489 1433 604 1478 sunt,
653 1429 831 1473 deorum
875 1431 1012 1474 tutela
1054 1432 1138 1475 frui
1172 1432 1393 1482 videntur
1429 1448 1578 1476 eorum
1613 1447 1787 1489 quoque
1820 1430 1911 1475 vita

222 1518 248 1546 a
279 1503 371 1547 deis
403 1520 478 1560 per
510 1504 705 1548 Socratis
739 1506 1018 1550 daemonium
1052 1508 1335 1563 gubelnatur.

280 1579 380 1636 Ipse
413 1580 619 1624 Socrates
650 1581 712 1624 eis
745 1582 974 1626 denuntiat
1006 1583 1109 1640 quid
1144 1583 1392 1656 faciendum
1421 1588 1496 1627 aut
1523 1583 1812 1627 omittendum
1839 1583 1908 1628 sit.

222 1654 287 1698 Cf.
321 1655 434 1699 Xen.
469 1656 551 1712 Ap.
589 1657 655 1706 13,
692 1657 820 1700 Mem.
855 1658 888 1700 Ι.
925 1659 962 1701 1.
996 1659 1036 1702 4.

280 1730 436 1774 Adhuc
468 1732 662 1789 plerique
683 1732 761 1775 viri
789 1734 901 1777 docti
930 1735 1203 1778 hanc1erum
1229 1735 1553 1779 Socraticarum
1572 1734 1906 1792 expositionem,

221 1807 394 1863 qualem
428 1808 543 1862 apud
576 1808 916 1865 Xenophontem
949 1810 1151 1866 legimus,
1182 1811 1340 1854 falsam
1370 1810 1774 1854 l·1abuerunt.Plato
1793 1811 1908 1854 enim

222 1897 306 1924 non
334 1886 422 1927 tam
450 1883 609 1926 diserte
637 1900 769 1941 quam
798 1884 1046 1941 Xenophon
1077 1886 1185 1929 haec
1202 1886 1394 1936 tradidit,
1414 1893 1452 1930 et
1472 1886 1675 1942 Theages
1693 1886 1909 1942 dialogus,

221 1957 295 2014 qui
327 1958 614 2015 Xenophonti
646 1959 810 2003 auxilio
844 1961 975 2010 venit,
1011 1962 1156 2005 deberi
1183 1962 1451 2005 contendunt
1469 1961 1729 2012 tenebrioni,
1748 1961 1912 2017 optimo

220 2032 410 2083 inimico,
443 2050 570 2092 quem
607 2036 807 2079 nonnulli
841 2036 921 2079 viri
954 2037 1068 2080 docti
1102 2038 1234 2082 nimis
1267 2043 1429 2081 temere
1462 2043 1674 2095 tanquam
1694 2038 1912 2095 quendam

220 2109 348 2152 deum
381 2126 432 2153 ex
466 2111 669 2154 machina
701 2113 892 2168 proferre
926 2113 1083 2156 solent.

280 2185 623 2230 percenseamus
655 2193 802 2231 autem
837 2188 947 2232 alios
980 2189 1100 2232 locos
1133 2190 1248 2246 apud
1277 2190 1506 2233 Platonem
1534 2189 1712 2246 quihuc
1729 2189 1911 2233 faciunt.

280 2260 328 2303 In
362 2261 678 2306 Alcib.103A
713 2265 837 2303 ἀλλά
875 2282 919 2304 τι
963 2267 1248 2317 δαιμόνιον
1291 2267 1610 2317 ἐναντίωμα,
1640 2263 1696 2305 οὗ
1730 2267 1788 2305 σὺ
1821 2267 1910 2315 τὴν

221 2339 451 2389 δύναμιν
498 2339 590 2377 καὶ
637 2341 860 2391 ὕστερον
908 2344 1102 2381 πεύσει.
1151 2340 1423 2383 Admittendi
1466 2356 1570 2384 cura
1612 2340 1713 2383 hinc
1750 2340 1909 2390 aliena,

219 2411 470 2456 Alcibiades
502 2413 618 2456 enim
652 2414 739 2457 iam
772 2414 1012 2458 amicorum
1047 2415 1089 2458 in
1123 2431 1355 2459 numerum
1383 2416 1606 2459 admissus
1638 2420 1716 2458 est.

279 2488 351 2531 Sic
398 2493 444 2531 ut
492 2489 599 2532 deus
645 2489 841 2534 Socratis
889 2496 1008 2534 tutor
1054 2496 1119 2534 est
1168 2492 1325 2546 (Alcib.
1374 2491 1456 2534 124
1484 2491 1529 2534 C.
1565 2490 1610 2531 ‘O
1646 2491 1908 2543 ἐπίτροποςὸ

219 2564 310 2613 ἐμὸς
343 2567 505 2615 βελτίων
535 2565 612 2605 ἐστὶ
645 2567 709 2605 καὶ
742 2569 966 2618 σοφώτερος
999 2567 1022 2619 ἢ
1057 2571 1251 2619 Περικλῆς
1284 2568 1303 2607 ὁ
1338 2568 1421 2621 σός)
1451 2567 1643 2623 optimus
1671 2571 1713 2609 el:
1739 2566 1909 2623 sapien-

218 2638 431 2688 tissimus,
480 2639 541 2683 ita
586 2640 792 2684 Socrates
837 2641 1080 2685 Alcibiadis
1128 2647 1243 2685 tutor
1284 2642 1331 2685 fit
1372 2642 1530 2696 (Alcib.
1567 2641 1726 2686 105E:
1760 2643 1908 2690 παντὸς

218 2715 326 2763 ἄξιός
372 2717 453 2767 εἰμί
496 2729 571 2767 σοι,
614 2718 680 2756 καὶ
727 2716 803 2757 οὔτ’
856 2718 1067 2770 ἐπίτροπος
1115 2719 1205 2758 οὔτε
1251 2719 1444 2772 συγγενὴς
1492 2718 1582 2758 οὔτε
1619 2719 1735 2766 ἄλλος
1776 2718 1909 2765 οὐδεὶς

217 2791 354 2838 ἱκανὸς
400 2793 657 2842 παραδοῦναι
705 2793 776 2844 τὴν
825 2794 998 2845 δύναμιν
1044 2789 1091 2845 ἧς
1125 2794 1335 2845 ἐπιθυμεῖς
1367 2794 1473 2845 πλὴν
1505 2794 1616 2845 ἐμοῦ,
1655 2793 1776 2844 μετὰ
1817 2800 1906 2833 τοῦ

218 2871 345 2905 θεοῦ
392 2865 599 2919 μέντοι).
647 2866 992 2913 Potentissimus
1040 2873 1117 2925 est,
1162 2868 1242 2916 deo
1275 2873 1424 2913 autem
1458 2868 1653 2922 iuvante,
1687 2867 1740 2911 cf.
1773 2867 1905 2915 etiarn

218 2939 358 2983 Alcib.
397 2940 478 2984 135
498 2940 546 2984 C.
564 2941 613 2985 D.
