2019 3299
963 129 988 175 7

203 255 222 295 ὁ
275 256 462 306 σεμνὸς
505 254 546 294 δὲ
586 251 700 302 οὗτος
733 255 810 294 ἀπό
843 270 884 306 γε
915 260 985 293 τοῦ
1019 254 1279 305 σχήματος
1313 253 1377 292 καὶ
1405 251 1822 305 βρενθυόμενος,

148 331 167 371 ὁ
195 332 260 379 τὰς
287 329 413 381 ὀφρῦς
440 331 617 382 ἐπηρκὼς
644 347 678 369 κ.
696 347 724 368 τ.
743 335 797 377 λ.;
826 328 959 385 paulo
986 332 1082 384 post
1112 329 1285 368 Ἀπόθου
1315 329 1363 367 σὺ
1392 328 1432 367 τὸ
1461 334 1625 379 σχῆμα
1652 333 1820 377 πρῶτον.

147 402 176 446 ὦ
216 409 308 455 Ζεῦ,
348 406 447 456 ὅσην
489 405 560 456 μὲν
600 406 671 455 τὴν
713 405 1020 451 ἀλαζονείαν
1062 404 1222 454 κομίζει,
1268 403 1364 454 ὅσην
1408 401 1449 441 δὲ
1482 402 1723 452 ἀμαθίαν
1755 400 1820 440 καὶ

87 489 91 492 ”
147 480 228 533 ἔριν
259 480 326 520 καὶ
358 480 753 531 ἀναισχυντίαν,
783 479 848 518 καὶ
881 478 1042 531 ὀργὴν
1074 495 1106 517 κ.
1126 483 1203 517 τ.λ.

204 629 290 673 Sed
329 634 601 673 revertamur
641 629 693 672 ad
728 628 1085 685 Aristophanem.
1119 628 1306 671 Restant
1337 627 1453 670 enim
1489 625 1654 682 aliquot
1686 625 1768 668 loci
1800 641 1821 668 e

144 704 304 762 quibus
328 720 416 748 non
444 709 533 748 tam
562 704 756 747 Socratis
785 704 1011 747 urbanitas
1039 708 1080 747 et
1107 702 1327 759 elegantia
1354 717 1484 759 quam
1504 701 1598 744 eius
1616 700 1823 757 superbia

145 784 186 823 et
216 778 375 823 duritia
407 784 447 822 et
481 779 653 823 vanitas
687 779 1022 837 perspiciuntur.

202 854 356 898 Nubes
387 855 473 898 365
510 853 627 895 τᾶλλα
661 855 702 895 δὲ
734 854 844 894 πάντ’
880 855 957 894 ἐστὶ
991 857 1247 905 φλύαρος.

203 929 357 974 Nubes
388 930 473 974 367
506 936 619 978 ποῖος
653 933 772 978 Ζεύςς
805 932 851 970 οὐ
886 931 938 981 μὴ
969 932 1175 982 ληρήσειςς
1208 927 1299 969 οὐδ’
1332 930 1410 967 ἔστι
1446 930 1556 975 Ζεύς.

323 1006 617 1063 Contemptim
652 1006 734 1049 hoc
767 1005 974 1062 increpat.

203 1081 356 1125 Nubes
388 1081 474 1124 375
507 1078 535 1121 ὦ
572 1083 701 1122 πάντα
736 1083 784 1122 σὺ
817 1087 993 1131 τολμῶν;

318 1162 488 1200 tumore
519 1156 685 1213 tragico
718 1155 960 1213 discipulus
993 1155 1252 1211 magistrum
1286 1153 1549 1211 adloquitur.

202 1232 356 1276 Nubes
387 1232 473 1276 398
505 1233 569 1272 καὶ
602 1241 683 1280 πῶς
716 1229 745 1272 ὦ
776 1240 880 1284 μῶρε
913 1233 960 1272 σὺ
993 1232 1059 1271 καὶ
1091 1233 1278 1283 Κρονίων
1305 1231 1415 1278 ὄζων.
1446 1228 1660 1272 Homines
1689 1227 1824 1284 philo·

261 1307 443 1365 sophiae
476 1308 605 1351 rudes
638 1307 844 1351 Socrates
876 1306 993 1350 infra
1030 1323 1076 1350 se
1109 1310 1234 1363 putat
1267 1310 1307 1349 et
1342 1305 1513 1361 vulgus.
1549 1303 1822 1347 Vocabulum

259 1392 403 1436 μῶρος,
433 1386 648 1435 μωραίνειν
681 1387 722 1426 et
753 1383 871 1440 apud
904 1382 1246 1439 Xenophontem
1281 1380 1318 1424 ei
1353 1381 1393 1423 in
1428 1379 1594 1423 deliciis
1627 1383 1707 1423 est.

201 1459 355 1502 Nubes
381 1459 481 1502 489.
509 1458 564 1502 cf.
592 1459 676 1502 775
704 1458 857 1515 proicit
884 1457 1168 1515 quaestiones
1195 1463 1420 1513 tamquam
1452 1455 1629 1499 bestiae.
1659 1454 1823 1497 Durum

259 1540 299 1578 et
330 1550 533 1579 severum
567 1539 606 1578 et
639 1549 793 1590 parum
828 1533 1115 1577 benevolum!

141 1804 165 1851 ξ
194 1806 229 1841 3.
260 1805 325 1841 DE
349 1804 598 1842 SOCRATIS
624 1806 675 1841 IN
702 1804 1070 1842 XENOPHONTIS
1097 1802 1530 1841 MEMORABILlBUS
1556 1800 1824 1839 SUPERBIA‚

680 1875 1019 1919 ACERBITATE,
1053 1874 1280 1911 DURITIA.

202 2066 418 2109 Acerbum
451 2071 597 2110 autem
635 2082 733 2110 eum
767 2066 905 2110 fuisse
937 2072 978 2110 et
1010 2066 1257 2110 mordacem
1297 2071 1337 2109 et
1368 2064 1537 2123 asperis
1569 2061 1741 2107 facetiis
1774 2076 1825 2104 ex

143 2141 435 2198 Xenophonte
462 2157 635 2198 quoque
662 2142 905 2198 apparebit.
933 2142 1063 2185 Mem.
1094 2142 1110 2184 I
1138 2142 1178 2185 2.
1206 2144 1263 2185 30
1291 2146 1406 2185 extat
1432 2139 1664 2183 notissima
1681 2134 1826 2180 narra-

142 2217 337 2260 tiuncula
362 2218 413 2260 de
442 2217 577 2261 Critia
604 2217 929 2274 Euthydemum
956 2222 1147 2261 amante.
1169 2217 1407 2273 Postquam
1436 2216 1641 2260 Socrates
1665 2213 1828 2256 frustra

143 2293 180 2336 ei
224 2293 484 2349 persuadere
526 2297 710 2337 conatus
754 2298 818 2336 est
861 2309 946 2336 non
993 2293 1142 2336 decere
1177 2293 1401 2336 hominem
1433 2291 1658 2335 liberalem
1694 2294 1733 2334 et
1766 2289 1823 2332 in-

140 2384 330 2424 genuum
378 2368 540 2412 talibus
587 2368 782 2425 corporis
833 2369 1136 2425 voluptatibus
1185 2368 1485 2418 succumbere,
1534 2366 1678 2411 acrius
1725 2380 1824 2408 eum

140 2443 381 2487 amicorum
409 2448 450 2487 et
465 2443 673 2487 comitum
693 2444 895 2487 adstante
914 2459 1075 2487 corona
1093 2443 1366 2500 perstrinxit:
1395 2445 1561 2497 Λέγεται
1577 2444 1644 2483 τὸν
1662 2444 1827 2493 Σωκρά-

142 2537 213 2571 την
253 2520 381 2560 ἄλλων
422 2536 459 2559 τε
501 2525 657 2560 πολλῶν
688 2523 896 2572 παρόντων
929 2520 992 2559 καὶ
1025 2528 1094 2560 τοῦ
1124 2521 1380 2570 Εὐθυδήμου
1412 2507 1640 2569 εἷπεῑνςότι
1673 2518 1826 2557 ὑικὸν

143 2596 247 2650 αὐτῷ
289 2597 428 2647 δοκοίη
468 2597 633 2647 πάσχειν
675 2595 695 2635 ὁ
740 2597 902 2646 Κριτίας
934 2596 1148 2645 ἐπιθυμῶν
1180 2597 1419 2651 Εὐθυδήμῳ
1454 2598 1826 2646 προσκνῆσθαι

143 2672 270 2723 ὥσπερ
301 2672 347 2710 τὰ
378 2672 472 2710 {idm
504 2675 583 2718 τοῖς
614 2672 756 2717 λίθοις.
789 2670 826 2718 ἐξ
860 2666 915 2710 ὧν
948 2671 996 2721 δὴ
1030 2670 1095 2709 καὶ
1123 2670 1245 2721 ἐμίσει
1272 2671 1338 2709 τὸν
1366 2673 1586 2722 Σωκράτην
1614 2669 1633 2709 ὁ
1664 2671 1825 2721 Κριτίας

143 2751 206 2786 κτλ
262 2745 342 2789 His
384 2745 529 2789 verbis
572 2745 756 2788 acerbus
795 2745 1064 2802 vituperator
1098 2750 1247 2789 noster
1279 2761 1487 2801 magnum
1521 2743 1823 2788 adversarium

142 2821 225 2864 sibi
258 2821 463 2878 suscepit.
499 2821 644 2864 Vitam
678 2827 718 2864 et
751 2821 951 2864 homines
984 2821 1130 2864 critice
1164 2821 1452 2878 contemplari
1484 2820 1651 2863 solebat
1686 2835 1825 2876 neque

143 2896 233 2940 ulla
263 2896 452 2939 hominis
496 2896 647 2939 habita
678 2897 847 2940 ratione
881 2911 1013 2953 saepe
1046 2912 1133 2939 non
1167 2901 1360 2953 rogatus,
1394 2895 1658 2940 sententiam
1691 2895 1825 2938 libere
