2019 3299
1018 166 1075 207 38

167 332 170 337 ,
210 290 357 333 missis
395 290 509 333 hanc
550 289 847 332 inversionem
895 287 1111 331 occultare
1161 287 1327 334 studet;
1378 301 1505 328 nemo
1548 285 1584 328 ei
1629 301 1742 328 nunc
1779 284 1892 328 hanc

209 365 597 408 commutationem
647 364 818 408 obicere
867 363 1008 420 potuit
1059 363 1155 419 Ipse
1189 362 1301 405 enim
1336 361 1507 404 dicebat
1538 376 1660 403 rcus:
1694 360 1767 404 Sic
1794 362 1894 416 fere

209 440 431 484 accusatio
479 456 525 483 se
574 440 718 483 habet.
758 439 881 490 Quod
916 454 1047 495 quam
1091 438 1145 480 ob
1188 453 1369 480 causam
1412 436 1571 484 lecerit,
1611 442 1765 492 postea
1809 434 1892 478 for-

208 520 326 560 tasse
359 515 520 559 clarius
552 514 794 572 apparebit.

268 590 398 634 Nunc
430 606 483 633 ne
517 591 699 634 alteram
733 590 908 648 quidem
943 590 1236 646 suspicionem
1271 589 1610 645 supprimemus.
1644 587 1891 644 Xenophon

210 665 251 708 in
287 666 416 709 Mem.
446 667 477 710 I.
519 669 553 708 l.
593 667 628 708 1.
663 666 847 709 crimina
878 666 1071 709 referens
1107 666 1215 726 haec
1245 664 1493 721 praemisit:
1522 664 1545 716 ἡ
1570 665 1641 715 μὲν
1668 666 1741 717 γὰρ
1759 665 1892 717 γραᾳὴ

208 741 285 782 κατ’
333 744 457 782 αὐτοῦ
501 745 630 782 τοιάδε
675 760 729 790 τις
776 738 837 793 ἦν.
873 741 1156 784 Fortuitusne
1188 756 1318 783 casus
1351 755 1405 783 an
1439 739 1548 783 alter
1579 739 1764 783 alterum
1797 738 1894 782 imi-

208 821 326 860 tatus
373 822 437 860 est
485 822 524 861 et
573 817 756 861 alterius
805 818 937 860 verba
985 818 1026 860 in
1076 832 1202 859 suum
1249 832 1376 860 usum
1419 815 1646 859 convertit.
1681 815 1895 858 Nonnihil

210 897 355 935 autem
406 892 626 936 differunt.
675 893 805 950 Apud
846 892 960 935 Xen.
995 895 1197 947 scriptor
1232 891 1408 940 veritus,
1444 895 1490 933 ut
1523 891 1689 947 opinor,
1724 906 1775 934 ne
1809 906 1894 933 non

209 972 410 1011 accurate
445 969 579 1012 verba
611 968 801 1018 referret,
826 968 1014 1012 addidit:
1044 971 1174 1008 τοιᾱὸε
1208 986 1261 1015 τις
1291 965 1340 1019 ἦν
1384 958 1541 1023 Neque
1571 969 1699 1011 enim
1722 970 1894 1017 adluit.

211 1043 339 1100 Apud
381 1044 609 1088 Platonem
651 1060 774 1094 reus,
818 1045 857 1087 id
901 1044 1015 1101 quod
1055 1043 1268 1100 displicet,
1304 1043 1448 1085 minus
1480 1046 1683 1086 accurate
1717 1057 1894 1085 causam

211 1118 326 1162 dicit.
359 1119 516 1163 Risum
549 1125 695 1164 autem
730 1125 878 1163 movet
911 1120 1025 1177 quod
1059 1119 1198 1163 altera
1232 1119 1305 1162 illa
1338 1119 1562 1162 accusatio
1597 1119 1671 1171 (19
1691 1118 1741 1172 B)
1765 1134 1896 1175 quam

211 1210 311 1238 reus
353 1200 508 1252 sponte
541 1212 623 1240 sua
654 1202 695 1239 et
728 1200 850 1240 extra
879 1211 1058 1240 causam
1093 1195 1175 1238 sibi
1209 1195 1300 1252 ipse
1334 1195 1614 1238 refellendam
1649 1194 1898 1250 suscepisse

215 1269 397 1319 videtur,
436 1270 575 1314 isdem
601 1271 754 1328 ,verbis
788 1276 946 1315 ornata
979 1275 1057 1320 est,
1093 1286 1152 1313 sc.
1186 1274 1348 1322 τοιαύτη
1381 1273 1436 1318 τίς
1469 1271 1583 1310 ἐυτιν.
1616 1269 1760 1326 Magis
1793 1269 1900 1313 haec

212 1361 309 1389 cum
361 1346 505 1390 verbis
553 1346 888 1402 Xenophonteis
936 1349 1068 1387 τοιάδε
1105 1364 1161 1394 τις
1209 1342 1258 1397 ἧν
1291 1349 1551 1401 congruunt.
1585 1344 1708 1395 Quae
1734 1344 1899 1388 addita-

213 1426 362 1466 menta
394 1422 579 1466 alterum
613 1422 797 1466 alterum
832 1421 1054 1479 peperisse
1092 1421 1304 1479 suspicor.
1338 1420 1500 1478 Utique
1532 1419 1780 1477 Xenophon
1809 1435 1902 1463 sae-

213 1497 311 1554 pius
343 1498 561 1542 eiusmodi
594 1499 696 1556 quid
729 1498 862 1547 addit,
897 1498 970 1542 ubi
1006 1498 1138 1541 verba
1170 1497 1355 1541 alicuius
1389 1501 1544 1553 poetae
1578 1496 1645 1539 vel
1677 1495 1902 1553 scriptoris

212 1578 542 1624 commemorat,
590 1573 817 1617 levissima
868 1572 1124 1622 mutatione,
1173 1572 1228 1616 cf.
1270 1572 1398 1616 Mem.
1432 1572 1484 1615 Il.
1519 1572 1559 1615 6.
1593 1572 1640 1614 11
1682 1571 1755 1614 ubi
1793 1571 1902 1615 haec

212 1648 439 1704 leguntur:
461 1648 510 1690 ςἈ
542 1649 614 1701 μὲν
647 1651 692 1689 αἱ
719 1654 910 1702 Σειρῆνες
945 1650 1094 1704 ἐπῇδον
1126 1657 1176 1704 τῷ
1204 1647 1397 1699 Ὀδυσσεῖ,
1427 1648 1601 1700 ἤκουσας
1627 1647 1816 1699 Ὁμήρου,
1846 1643 1901 1688 ὧν

214 1725 317 1764 ἐστιν
348 1725 447 1777 ἀρχὴ
490 1727 668 1766 τοιάδε
710 1743 791 1773 τις.

391 1815 503 1869 Δεῦρ’
541 1817 608 1870 ἅγε
641 1818 690 1868 δὴ
724 1815 905 1857 πολύαιν’
929 1814 1108 1864 Ὀδυσεῦ,
1140 1815 1236 1868 μέγα
1270 1817 1390 1862 κῦδος
1428 1819 1598 1867 Ἀχαιῶν.

217 1907 361 1950 Lectio
396 1908 599 1964 vulgata:
635 1906 748 1960 Δεῦρ’
784 1906 840 1961 ἄγ’
878 1909 962 1958 ἰὼν,
992 1907 1057 1950 vel
1092 1907 1159 1960 ἄγε
1193 1904 1234 1945 ὦ.

273 1982 380 2026 [tem
412 1985 607 2035 εἰσφέρων
640 1989 680 2026 et
713 1985 997 2037 εἰσηγούμενος
1033 1998 1117 2025 non
1153 1982 1339 2025 multum
1373 1980 1592 2024 differunt.
1629 1980 1723 2024 Has
1750 1996 1903 2023 omnes

217 2058 494 2115 suspiciones
536 2075 756 2103 nonnemo
809 2059 1011 2116 perparvi
1058 2059 1122 2101 vel
1166 2058 1329 2101 nullius
1374 2056 1499 2113 pretii
1541 2072 1638 2100 esse
1681 2056 1903 2100 ducendas

217 2134 513 2178 arbitrabitur.
562 2134 805 2178 Confiteor:
854 2150 929 2191 per
960 2150 1020 2183 se,
1063 2132 1328 2177 coniunctim
1359 2147 1459 2175 vero
1492 2147 1590 2175 cum
1623 2132 1723 2175 aliis
1755 2131 1902 2174 simili-

218 2209 447 2253 tudinibus
489 2226 569 2254 nos
614 2210 765 2254 iuvare
800 2214 985 2266 possunt
1017 2214 1053 2252 et
1088 2209 1251 2252 claram
1287 2209 1428 2251 lucem
1461 2207 1654 2251 afferent.
1692 2207 1904 2251 Memoria

219 2300 294 2328 eas
326 2285 629 2336 retinebimus,
663 2286 704 2328 in
739 2285 1027 2342 paragraphis
1059 2284 1346 2341 sequentibus
1379 2283 1504 2326 nobis
1533 2283 1631 2327 usui
1653 2288 1804 2329 erunt.

225 2540 360 2596 511.
426 2541 478 2584 D.
516 2541 586 2583 De
629 2540 824 2583 Meleto
868 2545 1188 2583 accusatore
1237 2539 1499 2596 imperito
1543 2543 1592 2581 et
1639 2537 1902 2580 ridiculo.

220 2714 347 2770 Apol.
386 2713 498 2756 Xen.
536 2714 601 2756 19.
1063 2715 1065 2769 l
1128 2712 1255 2769 Apol.
1289 2712 1399 2756 Plat.
1433 2713 1489 2755 24
1522 2711 1567 2755 C.

279 2789 355 2829 ἀλλ’
424 2790 551 2840 ὅμως
613 2792 666 2829 σύ
715 2806 769 2839 με
817 2792 925 2840 φής,
971 2786 1000 2828 ὦ
1187 2788 1305 2839 φησὶ
1359 2789 1431 2840 γὰρ
1489 2789 1537 2835 ὀὴ
1587 2790 1704 2834 τοὺς
1752 2787 1902 2833 νέους

224 2866 396 2917 Μέλητε,
477 2872 638 2904 τοιαῦτα
716 2866 999 2915 ἐπιτηδεύοντα
1063 2862 1064 2892 l
1127 2865 1279 2903 ἀδικεῖν
1311 2880 1365 2914 με
1400 2865 1797 2911 ὸιαφθείροντα.
1830 2862 1902 2913 ἐγὼ

224 2943 337 2988 τοὺς
429 2944 572 2986 νέους
650 2943 998 2991 ὁιιιφθείρειι’;
1063 2974 1064 2981 ,
1129 2940 1170 2979 ὁέ
1213 2955 1266 2991 γε,
1308 2936 1336 2978 ὦ
1379 2941 1519 2989 ἄνδρες
1563 2942 1780 2989 Ἀθηναῖοι,
1820 2937 1903 2975 dadr—
