2019 3299
1040 176 1096 219 28

211 297 450 341 <Attamen
496 300 609 341 haec
649 301 859 342 dimidia
901 313 1024 354 pars
1070 302 1174 344 eius
1220 301 1492 354 sapientiae
1537 301 1651 343 erat.
1691 299 1909 344 Socrates

228 376 354 416 eoiim
398 387 490 417 non
523 375 674 417 solum
705 376 998 418 demonstrat
1030 376 1235 419 Ratione
1267 376 1393 419 Duce
1426 389 1525 419 esse
1556 378 1909 430 disputandum

228 451 308 491 sed
350 451 494 492 eiiam
534 451 804 493 vivendum.
840 449 966 493 Hanc
999 449 1249 507 philosophi
1284 449 1421 493 nostri
1455 450 1709 494 hereditatis
1741 455 1907 507 partem

227 522 515 566 Antisthenes
548 528 589 566 et
614 524 754 580 cynici
782 525 908 582 quasi
926 525 1144 581 quoddam
1163 525 1462 582 gratissimum
1481 525 1911 582 pulcherrimumque

226 614 387 642 munus
432 599 601 643 ardenti
647 600 793 643 studio
840 606 1120 656 acceperunt;
1169 617 1196 644 a
1243 601 1426 644 Platone
1474 605 1567 645 tota
1600 601 1799 658 neglecta
1829 606 1908 645 est.

226 675 352 718 Plato
389 676 556 728 ἄσκησιν
597 676 732 731 illam,
770 676 1015 720 libertatem
1058 677 1384 734 pauperrimam
1430 692 1516 720 non
1559 677 1788 734 amplexus
1830 682 1908 728 est,

226 767 367 808 neque
408 752 674 803 ἀνυπόδητος,
716 754 881 800 ἄλουτος
925 753 1112 796 Athenis
1153 753 1481 797 deambulabat.
1525 753 1637 797 Illud
1679 761 1912 805 σωκρατοῦν

225 842 398 884 quoque
445 827 537 880 (Ar.
584 828 719 871 Aves,
776 828 912 879 1282),
955 829 1071 886 quod
1114 828 1280 885 cynicis
1313 829 1439 872 valde
1472 829 1705 879 arridebat,
1738 828 1910 873 Platoni

227 902 507 946 vehementer
544 902 821 959 displicuisse
855 904 1059 947 credibile
1092 909 1170 947 est.

282 978 421 1028 Plato,
455 978 491 1021 si
525 978 592 1021 his
628 978 770 1021 verbis
804 979 864 1022 uti
897 979 1009 1029 licet,
1038 982 1170 1025 verbo
1198 983 1348 1030 tenus,
1378 980 1403 1024 i.
1423 996 1459 1024 e.
1487 980 1528 1023 in
1557 980 1911 1038 philosophando

225 1059 264 1097 et
306 1054 581 1111 disputando,
625 1069 711 1097 non
744 1070 806 1105 re,
841 1054 865 1098 i.
887 1072 921 1099 e.
957 1057 998 1099 in
1035 1056 1223 1099 vivendo
1257 1056 1494 1111 Socratice,
1527 1056 1786 1113 magistrum
1817 1056 1911 1099 imi-

222 1134 341 1173 tatus
372 1134 450 1173 est.
487 1133 685 1174 Μέθοὸον
718 1135 966 1184 διαλεκτικὴν
999 1135 1064 1173 καὶ
1091 1135 1308 1184 εὑρετικὴν,
1340 1149 1471 1191 quam
1505 1133 1567 1176 sic
1600 1138 1770 1183 vocant,
1798 1133 1912 1176 laete

224 1210 264 1248 et
311 1205 437 1249 avide
484 1207 680 1264 arripuit,
729 1208 974 1252 urbanitate
1022 1224 1106 1253 sua
1152 1209 1324 1253 ornavit
1356 1214 1486 1267 atque
1529 1209 1730 1253 excoluit.
1763 1209 1911 1252 Vitam

174 1315 179 1322 .
223 1280 355 1324 aliam
389 1281 473 1324 sibi
506 1285 757 1340 proposuit:
791 1289 936 1342 atque,
982 1284 1064 1327 nisi
1098 1284 1240 1327 omnis
1274 1285 1615 1328 narratiunculis
1646 1284 1754 1328 fides
1786 1285 1911 1327 dene·

222 1356 367 1412 ganda
398 1362 477 1407 est,
509 1358 714 1403 Socrates
746 1359 995 1403 libertatem
1029 1359 1210 1403 maximi
1243 1359 1430 1416 putavit,
1465 1375 1605 1417 neque
1645 1360 1912 1404 Archelaum

222 1447 367 1487 regem
410 1433 551 1477 colere
594 1435 744 1478 voluit.
783 1435 907 1479 Plato
939 1435 1088 1478 colens
1133 1434 1409 1492 Dionysium,
1443 1439 1696 1492 tyrannum,
1730 1451 1911 1486 nonum,

221 1508 461 1564 pessimum
523 1509 809 1568 infimumque
868 1526 1008 1567 genus
1070 1510 1298 1554 hominum
1360 1510 1429 1564 (cf.
1492 1510 1677 1554 Phaedr.
1738 1511 1825 1555 248
1862 1510 1913 1564 Ε)

221 1583 351 1626 alieni
399 1584 520 1639 iuris,
566 1585 737 1630 alienae
786 1571 1018 1643 potestatis
1064 1586 1157 1629 fieri
1205 1601 1291 1629 non
1325 1586 1559 1635 recusavit,
1593 1585 1676 1629 etsi
1709 1587 1791 1630 hoc
1822 1602 1911 1630 non

222 1661 425 1704 servilem
459 1662 501 1704 in
535 1663 713 1706 modum
748 1663 905 1707 fecisse
938 1665 1160 1720 putandus
1193 1669 1273 1714 est,
1302 1664 1355 1707 cf.
1385 1668 1529 1707 tamen
1560 1663 1685 1720 Diog.
1713 1666 1758 1706 L.
1779 1662 1839 1705 VI
1854 1662 1912 1706 58

223 1736 274 1779 de
321 1736 514 1793 Diogene
561 1738 681 1782 olera
727 1739 919 1783 lavante.
969 1740 1143 1796 Optime
1175 1740 1307 1796 igitur
1338 1739 1606 1796 intellegitur
1636 1754 1724 1782 non
1756 1738 1912 1781 durum

222 1828 351 1855 suum
400 1813 626 1857 Socratem
674 1815 904 1859 Platonem
954 1831 1050 1859 esse
1100 1815 1305 1864 voluisse,
1353 1831 1494 1872 neque
1547 1818 1826 1871 arrogantem
1872 1817 1913 1856 et

224 1904 400 1937 vanum,
447 1889 547 1932 licet
594 1905 638 1933 re
686 1906 803 1945 vera,
843 1896 883 1934 et
928 1891 970 1934 in
1004 1891 1099 1934 eius
1135 1891 1235 1941 vita,
1271 1895 1311 1935 et
1344 1891 1460 1947 apud
1494 1890 1835 1947 Xenophontem
1866 1888 1910 1932 in

221 1964 351 2020 Apol.
399 1970 438 2008 et
486 1965 528 2008 in
579 1966 722 2011 Mem..
771 1966 904 2010 talem
954 1983 1086 2024 saepe
1144 1983 1189 2010 se
1240 1967 1455 2024 praebuit.
1507 1966 1588 2010 Ubi
1636 1965 1762 2009 Plato
1809 1980 1912 2021 ergo

222 2040 409 2084 affirmat
454 2057 539 2084 non
587 2058 686 2085 eum
736 2058 833 2086 esse
881 2048 1174 2099 arrogantem,
1224 2042 1491 2086 contrarium
1527 2041 1653 2084 nobis
1685 2041 1835 2085 statim
1869 2040 1911 2083 in

222 2120 411 2159 mentem
460 2116 593 2160 venit.
641 2118 809 2160 Durum
859 2118 980 2161 illum
1030 2118 1258 2162 Socratem
1308 2117 1519 2175 expolivit
1567 2133 1602 2160 e.
1634 2132 1674 2173 g.
1724 2132 1763 2174 p.
1801 2115 1910 2160 34E

221 2191 399 2247 legitur:
446 2195 521 2234 οὐκ
565 2196 900 2247 αὐθαδιζόμενος,
942 2192 972 2235 ὦ
1015 2195 1157 2247 ἄνδρες
1194 2199 1410 2247 Ἀθηναῖοι,
1443 2192 1671 2250 0135&ng
1703 2194 1913 2246 ἀτιμάζων,

220 2266 323 2310 item
356 2268 470 2312 37Α
501 2270 892 2320 ἀπαυθαὸιζόμενος.

280 2342 467 2387 Omnem
511 2344 700 2401 speciem
744 2345 1024 2401 arrogantiae
1056 2345 1203 2388 statim
1238 2345 1419 2394 avertit;
1453 2345 1596 2402 ipsum
1635 2348 1782 2388 autem
1817 2344 1912 2388 Pla-

220 2423 367 2462 tonem
412 2420 474 2463 eis
516 2420 624 2464 locis
667 2420 857 2467 dilucere
902 2437 988 2464 non
1028 2426 1091 2464 est
1125 2421 1240 2478 quod
1275 2436 1551 2464 moneamus.
1584 2420 1757 2463 Etenim
1785 2420 1911 2464 Plato

221 2510 397 2538 omnem
431 2497 648 2540 maculam
681 2497 932 2540 acerbitatis
966 2502 1008 2540 et
1039 2496 1294 2541 rusticitatis
1323 2496 1505 2545 delevit;
1535 2497 1590 2540 ab
1614 2495 1912 2540 omniduritia

220 2575 261 2613 et
292 2571 618 2615 inhumanitate
651 2572 879 2616 Socratem
914 2572 1189 2616 Platonicum
1218 2573 1452 2615 abhorrere
1480 2571 1607 2615 facile
1634 2571 1912 2628 suspicamur

222 2660 275 2689 ΘΧ
307 2647 443 2690 32A:
487 2649 560 2700 ἐρῶ
604 2649 646 2688 δὲ
679 2649 774 2701 ὑμῖν
808 2650 978 2702 φορτικὰ
1016 2648 1088 2700 μὲν
1120 2649 1187 2688 καὶ
1220 2651 1420 2700 δικανικοὶ,
1451 2649 1587 2700 ἀληθῆ
1620 2647 1671 2688 δὲ.
1704 2652 1748 2691 et
1777 2647 1834 2691 32
1851 2647 1908 2690 D:

220 2725 302 2762 τότε
348 2724 481 2774 μέντοι
527 2724 601 2776 ἐγὼ
648 2725 695 2764 οὐ
737 2726 853 2780 λόγῳ,
895 2723 970 2764 ἀλλ’
1008 2725 1106 2780 ἔργῳ
1140 2720 1191 2764 αὗ
1230 2724 1486 2775 ἐνεδειξάμην
1520 2724 1577 2763 ὅτι
1609 2723 1695 2775 ἐμοὶ
1725 2725 1910 2763 θανάτου

219 2797 290 2847 μὲν
322 2798 440 2849 μέλει,
470 2799 582 2849 εἰμὴ
614 2799 891 2851 ἀγροικότερον
923 2795 973 2851 ἦν
1006 2800 1140 2839 εἰπεῖν.
1176 2797 1263 2839 οὐδ’
1301 2798 1449 2839 ὁτιοῦν.
1484 2797 1569 2841 Ubi
1602 2797 1640 2842 ei
1679 2797 1906 2841 dicendum

222 2876 288 2915 est
320 2873 484 2930 aliquid
518 2873 649 2916 nimis
682 2874 852 2923 durum,
888 2873 1052 2930 aliquid
1086 2873 1283 2929 impium,
1317 2873 1495 2916 brevem
1524 2872 1759 2916 formulam
1788 2887 1910 2916 aver·

221 2947 339 2990 tendi
382 2964 517 2992 causa
564 2949 816 3005 praemittit.
858 2949 1031 2993 Anxius
1073 2948 1187 2992 enim
1219 2953 1284 2992 est
1318 2964 1370 2991 ne
1403 2954 1549 3005 peccet
1581 2953 1735 2992 contra
1764 2963 1909 2998 mores
