2019 3299
881 190 931 233 17

68 313 339 362 imitandum,
373 312 506 355 immo
538 313 591 356 ad
623 313 919 369 superandum
955 313 1021 356 vel
1050 315 1403 369 exaggerandum
1439 315 1742 371 proposuisse,

69 389 308 437 Platonem,
336 387 430 431 eius
458 388 706 445 disputandi
725 389 935 432 rationem
955 394 1166 436 secutum.
1187 389 1443 445 opinionum
1462 389 1744 433 acerbitatem

68 468 110 507 et
153 462 470 506 sententiarum
517 463 721 506 duritiam
770 464 1041 507 moderatum
1089 479 1202 513 esse,
1250 480 1327 520 pro
1375 464 1625 508 urbanitate
1668 480 1750 509 sua

69 538 200 595 paulo
239 537 382 581 rarius
424 538 690 588 exhibuisse,
729 554 755 582 a
788 539 878 583 vita
915 539 1108 583 Socratis
1146 538 1384 582 durissima
1415 544 1456 582 et
1489 538 1750 584 tristissima

12 672 14 674 v
68 618 110 658 et
149 613 205 657 ab
245 613 340 656 eius
373 613 568 656 moribus
599 629 804 657 aversum
838 614 990 657 fuisse.
1026 614 1151 658 Errat
1183 614 1256 656 ille
1291 614 1354 656 vir
1386 614 1540 658 doctus
1575 615 1648 672 qui
1683 631 1749 659 ar-

70 688 221 733 bitrari
260 689 427 731 videtur
467 704 502 731 e.
535 704 574 744 g.
617 688 870 745 cynicorum
903 694 1074 732 tantum
1109 688 1246 733 fuisse
1279 689 1594 733 continentiam
1627 691 1747 735 illam

69 780 108 808 o.
140 765 166 808 l.
210 763 249 806 II
291 778 388 820 pag.
430 764 479 806 8:
519 763 757 817 „Sokrates
805 779 896 807 war
927 764 1176 807 enthalsam
1209 764 1313 807 aber
1345 764 1464 807 nicht
1497 780 1578 808 aus
1611 765 1742 810 Liebe

68 855 143 883 zur
172 839 538 890 Enthalsamkeit,
572 840 762 883 sondern
796 856 876 884 aus
908 841 1037 884 Liebe
1065 857 1116 884 zu
1145 841 1241 883 dem
1259 841 1576 886 dialektischen
1596 843 1745 894 Beruf,

69 915 111 958 in
152 914 249 958 dem
282 930 327 958 er
359 915 438 958 wie
470 915 538 958 ein
569 914 820 971 HeiligerU)
852 916 894 958 in
935 915 1102 960 seinem
1135 915 1258 959 Ideal
1290 916 1526 973 aufging’';
1561 933 1658 975 pag.
1693 920 1743 962 9:

73 990 294 1047 „Folglich
327 990 444 1035 kann
478 991 545 1034 die
572 991 795 1047 Richtung
822 992 897 1035 des
921 991 1165 1048 Kynismus
1192 1007 1288 1035 zum
1316 992 1598 1048 praktischen
1628 993 1749 1038 Ideal

70 1065 144 1109 der
178 1067 379 1119 ἐγκράτεια
410 1066 453 1109 in
486 1066 697 1110 Sokrates
728 1066 971 1124 principiell
1004 1067 1122 1110 nicht
1153 1067 1316 1110 einmal
1348 1068 1750 1124 angedeutethseim

71 1141 167 1184 weil
207 1141 270 1184 sie
312 1141 388 1184 der
425 1135 648 1198 sonstigen
684 1142 892 1185 Sokratik
926 1141 1188 1192 indifferent,
1222 1142 1419 1199 Aristipp
1450 1159 1581 1200 sogal·
1612 1144 1748 1189 feind-

68 1215 154 1259 lich
185 1217 437 1273 gegenuber
468 1216 630 1260 steht.”

127 1291 400 1336 Sectatorum
433 1292 548 1336 alius
579 1292 711 1336 aliam
744 1297 912 1349 partem
946 1292 1146 1349 magistri
1178 1293 1421 1350 sapientiae
1444 1293 1641 1338 imitatus
1668 1301 1749 1340 est.

70 1367 273 1411 Socrates
303 1373 449 1412 autem
483 1373 635 1413 auctor
667 1370 747 1413 fuit
789 1375 829 1413 et
868 1370 1065 1413 conditor
1097 1370 1228 1413 huius
1262 1370 1437 1413 vivendi
1470 1372 1585 1415 modi
1617 1377 1657 1416 et
1693 1389 1747 1417 ne

67 1443 270 1487 Socrates
310 1444 483 1502 quidem
528 1446 733 1489 omnibus
776 1446 988 1502 partibus,
1030 1446 1190 1489 etenim
1234 1450 1276 1488 et
1316 1446 1414 1489 aliis
1453 1448 1743 1506 philosophis,

68 1519 354 1577 Pythagoreis
387 1522 657 1578 praesertim,
692 1523 906 1566 eiusmodi
941 1538 1110 1566 morum
1144 1528 1183 1565 et
1204 1523 1318 1566 vitae
1346 1523 1506 1567 duritia
1531 1524 1751 1580 placuisse

70 1595 252 1639 videtur.
289 1596 439 1653 Cynici
474 1597 517 1640 in
551 1598 693 1641 maius
725 1598 838 1641 hanc
871 1597 1124 1641 hereditatis
1156 1602 1324 1654 partem
1356 1605 1747 1655 exaggeraverunt,

68 1672 129 1716 ita
168 1677 213 1716 ut
261 1673 478 1728 Diogenes
523 1674 596 1717 ille
643 1674 816 1718 Platoni
865 1675 996 1717 homo
1043 1674 1223 1717 ridicule
1279 1674 1465 1718 insanus
1514 1674 1747 1725 videretur,

68 1750 285 1800 Σωκράτης
342 1751 595 1800 μαινόμενος,
644 1754 841 1793 attamen
890 1749 1107 1793 Socrates,
1154 1749 1496 1806 Xenophontem
1544 1766 1647 1807 ergo
1696 1766 1747 1794 ex

69 1822 164 1879 ipso
194 1822 314 1866 fonte
341 1823 545 1867 hausisse
573 1824 777 1868 credibile
796 1829 861 1868 est
880 1841 1020 1878 neque
1038 1825 1291 1882 cynicorum
1312 1825 1494 1869 virtutes
1512 1825 1747 1869 rettulisse.

130 1898 272 1941 Huius
305 1898 387 1941 loci
419 1915 515 1942 esse
548 1915 635 1942 non
668 1904 825 1956 potest,
856 1900 964 1950 Joel‚
999 1900 1237 1944 maximum
1280 1900 1592 1958 Xenophontis
1625 1917 1748 1945 accu-

69 1978 272 2023 satorem,
315 1974 474 2031 quippe
515 1974 589 2031 qui
629 1979 767 2018 totum
812 1991 911 2018 eum
945 1991 995 2018 ex
1028 1976 1214 2019 aliorum
1247 1975 1510 2019 testimoniis
1545 1977 1746 2033 pendere,

68 2048 201 2092 immo
233 2049 493 2106 plagiarium
528 2066 625 2093 eum
660 2050 797 2094 fuisse
840 2055 1027 2099 accuset,
1062 2050 1265 2094 refutare.
1299 2050 1409 2094 Cum
1457 2056 1606 2095 autem
1644 2053 1749 2096 haec

70 2139 169 2181 pars
188 2124 283 2168 eius
310 2140 478 2169 morum
508 2125 684 2182 Cynicis
710 2131 826 2169 esset
853 2126 1109 2176 consimilis,
1134 2127 1240 2170 haec
1258 2127 1461 2170 addenda
1481 2127 1752 2171 videbantur.

71 2199 194 2250 Quod
227 2201 278 2244 ad
312 2206 506 2244 nostram
541 2202 882 2258 disputationem
916 2202 1083 2252 attinet,
1118 2203 1445 2246 demonstrasse
1479 2203 1606 2246 nobis
1640 2203 1752 2246 vide-

35 2291 167 2319 .mur
207 2277 472 2321 sententiam
515 2282 710 2322 nostram
753 2279 804 2322 de
846 2279 1026 2322 Socrate
1068 2279 1147 2321 niti
1189 2278 1461 2335 argumentis
1504 2283 1545 2322 et
1577 2279 1750 2323 indiciis

73 2365 156 2394 non
199 2351 341 2395 solum
385 2368 436 2396 ex
476 2352 771 2409 Xenophonte
817 2369 966 2396 verum
1010 2359 1050 2396 et
1092 2369 1144 2396 ex
1176 2354 1273 2397 aliis
1307 2354 1594 2411 scriptoribus
1627 2359 1668 2398 et
1701 2371 1753 2397 ex

72 2425 253 2470 Platone
285 2427 444 2483 petitis.

131 2502 360 2546 Praeterea
375 2503 426 2547 de
459 2503 619 2547 Stoicis
652 2505 758 2548 haec
791 2521 877 2548 non
912 2506 1320 2562 praetermittenda:

129 2577 255 2628 Quae·
297 2585 448 2636 postea
493 2582 608 2636 apud
657 2581 831 2625 Stoicos
878 2583 1141 2632 invenimus,
1190 2584 1433 2639 sapientem
1478 2583 1620 2626 solum
1655 2598 1752 2626 esse

73 2668 232 2710 regem,
275 2655 467 2705 divitem,
510 2657 703 2712 beatum,
746 2658 857 2701 alios
899 2663 1045 2701 autem
1088 2659 1289 2701 homines
1335 2659 1493 2702 stultos
1526 2663 1658 2715 atque
1690 2657 1752 2700 in·

72 2743 221 2784 sanos,
248 2731 355 2774 haec
378 2731 463 2775 iam
496 2732 698 2776 Socrates
723 2733 889 2777 habuit.
922 2734 1151 2790 Sapientia
1177 2735 1361 2778 summis
1380 2735 1585 2778 laudibus
1604 2750 1753 2777 cumu-

74 2803 189 2848 latur
229 2811 270 2849 et
311 2822 338 2850 a
378 2807 559 2851 Socrate
602 2813 642 2851 et
684 2824 710 2852 a
752 2809 936 2864 Stoicis3
982 2825 1034 2853 ea
1066 2810 1182 2853 enim
1218 2826 1370 2853 omnes
1406 2810 1586 2853 virtutes
1619 2810 1752 2853 conti-

75 2885 243 2923 nentur.
291 2882 479 2939 Sapiens
524 2884 604 2927 deo
648 2884 804 2927 similis
844 2890 924 2933 est,
969 2885 1023 2928 cf.
1067 2890 1239 2942 praeter
1269 2886 1389 2929 locos
1422 2886 1582 2930 allatos
1613 2885 1753 2938 (Plato

75 2954 226 3012 Symp.
269 2958 354 3002 203
372 2959 425 3008 A,
469 2959 597 3002 Mem.
642 2959 673 3003 l.
723 2961 762 3003 6.
809 2961 892 3008 10.)
930 2960 1050 3016 Diog.
1089 2961 1134 3003 L.
1169 2961 1265 3003 VII.
1303 2963 1382 3004 119
1416 2965 1555 3010 θείους
1587 2978 1623 3002 τε
1656 2959 1755 3001 εἶναι

177 3029 343 3065 Apologia
363 3032 621 3066 Xenophontea.
1597 3035 1614 3061 2
