2019 3299
930 193 1008 236 175

124 317 361 367 κρεμασθείς
409 315 498 358 iure
546 315 651 358 mihi
699 331 775 372 pro
822 321 937 359 certo
980 316 1145 359 efficere
1180 316 1327 360 videor
1359 319 1590 368 κρεμάθραυ
1623 316 1745 361 illam
1779 332 1801 360 e

124 391 328 435 Nubibus
371 390 540 447 respici,
583 391 608 433 i.
643 407 694 440 e,
729 391 851 434 Plato
884 391 1078 434 imitatus
1112 398 1176 434 est
1210 392 1437 435 inventum
1471 392 1798 448 Aristophanis,

124 481 265 522 neque
295 465 434 522 ipsius
467 465 851 510 Socratisdictum
886 482 1000 509 nunc
1033 471 1224 509 exornat.

183 540 498 584 Corroboratur
530 546 570 584 et
602 540 883 583 confirmatur
916 541 1022 584 haec
1056 546 1203 584 nostra
1238 541 1385 597 opinio
1418 558 1482 591 eo,
1512 543 1626 599 quod
1655 557 1800 585 narra-

121 606 317 660 tiuncula
364 616 438 659 illa
485 616 599 659 haud
648 616 809 671 ignota,
857 632 989 673 quam
1039 617 1169 659 refert
1213 616 1417 660 Socrates
1460 617 1712 661 Platonicus
1757 617 1799 660 in

123 691 304 735 Theaet.
358 691 438 734 174
456 692 507 734 A.
557 692 607 734 de
655 691 850 741 Thalete,
900 691 1072 734 Platoni
1120 692 1161 734 in
1205 692 1461 735 memoriam
1495 693 1671 737 redacta
1704 708 1800 736 esse

124 767 307 820 videtur,
353 782 450 809 cum
494 766 655 809 similia
700 766 858 822 legeret
903 767 1015 824 apud
1058 767 1399 824 Aristophanem
1436 768 1551 811 Nub.
1588 769 1670 812 169
1705 771 1799 826 sqq.

120 842 185 885 Ibi
218 858 391 899 quoque
424 842 516 898 ipse
550 841 713 884 Thales
747 841 997 885 nominatur
1029 842 1159 898 paulo
1193 847 1289 898 post
1324 858 1384 884 vs.
1424 843 1520 886 180.

180 961 424 1004 Possumus
457 960 583 1016 plura
615 975 666 1002 ex
697 975 746 1003 eo
779 975 935 1015 genere
968 975 1223 1016 congerere:
1259 961 1365 1003 haec
1402 965 1549 1004 autern
1582 961 1800 1005 sufficiant

119 1037 173 1080 ad
207 1035 469 1080 sententiam
495 1040 685 1079 nostram
714 1036 934 1079 tuendam.
978 1036 1115 1079 Maior
1147 1036 1268 1079 locus
1302 1036 1402 1079 huic
1433 1037 1680 1093 quaestioni
1713 1053 1799 1080 non

119 1112 245 1156 datur
291 1111 333 1155 in
383 1112 463 1155 hac
510 1111 830 1155 dissertatione.
878 1111 1024 1155 Unum
1058 1116 1226 1154 tautum
1259 1112 1417 1155 addere
1450 1113 1593 1156 velim.
1641 1113 1799 1163 Verba,

120 1187 310 1234 inventa,
354 1186 468 1230 dicta
504 1186 630 1230 Plato
677 1185 839 1230 imitari
886 1187 1036 1243 potuit,
1084 1191 1220 1230 totam
1270 1188 1540 1232 comoediam
1589 1188 1716 1242 (sicut
1749 1204 1801 1231 ex

119 1262 426 1318 Xenophontis
475 1261 832 1305 Memorabilibus
881 1267 1015 1305 totam
1061 1263 1399 1319 paragraphum,
1436 1263 1502 1306 vel
1535 1263 1799 1320 Apologiam

123 1337 429 1393 Xenophontis
476 1342 514 1380 et
562 1337 861 1395 Symposiuml
907 1337 1065 1381 imitari
1093 1342 1134 1380 et
1167 1338 1290 1395 sequi
1324 1354 1408 1381 non
1444 1338 1597 1395 potuit.
1629 1338 1797 1382 Tamen

123 1413 276 1457 Nubes
323 1412 594 1456 comoediam
652 1417 826 1469 propter
882 1412 1054 1455 irrisum
1104 1412 1330 1457 Socratem
1380 1414 1553 1470 penitus
1601 1415 1798 1471 cognitas

125 1488 332 1533 habuisse
380 1489 546 1532 videtur
592 1489 729 1532 Plato.
779 1489 1001 1545 multaque
1050 1489 1164 1544 apud
1214 1505 1313 1532 eum
1362 1490 1475 1534 hanc
1527 1491 1798 1535 comoediam

122 1564 371 1622 respiciunt.
404 1564 596 1607 Alterius
629 1569 774 1607 autem
808 1564 1072 1613 comoediae,
1110 1581 1168 1607 sc.
1202 1564 1622 1615 Ecclesiazusarum‚
1657 1571 1796 1609 totum

120 1644 425 1697 argumentum
455 1639 703 1696 philosophi
722 1639 868 1682 animo
887 1640 1168 1684 observatum
1188 1656 1285 1684 esse
1304 1657 1401 1684 cum
1421 1642 1621 1698 quintum
1640 1642 1797 1685 librum

125 1716 404 1772 Reipublicae
436 1715 654 1764 scriberet,
690 1715 768 1757 viri
802 1715 926 1764 docti,
960 1716 1109 1759 multis
1143 1717 1405 1773 negantibus
1429 1717 1471 1771 ¹),
1512 1718 1598 1761 iam
1632 1719 1796 1762 dudum

119 1792 436 1835 intellexerunt.
485 1791 609 1834 Hanc
656 1791 786 1847 igitur
833 1792 1136 1848 quaestionem
1195 1793 1370 1836 silentio
1424 1794 1660 1850 praeterire
1711 1810 1795 1838 non

118 1881 368 1924 possumus.
402 1866 495 1909 Etsi
526 1882 623 1909 eam
656 1866 851 1909 funditus
885 1866 1105 1923 disputare
1139 1883 1224 1910 non
1258 1873 1396 1918 vacat,
1430 1874 1575 1912 tamen
1610 1885 1796 1916 comme-

117 1943 358 1986 morabitur
389 1942 659 1999 breviterque
693 1957 906 1999 exponere
938 1942 1057 1986 decet
1085 1943 1245 2000 quibus
1275 1944 1326 1986 de
1354 1944 1499 1987 causis
1521 1960 1600 1988 nos
1619 1960 1792 2002 quoque

116 2018 376 2062 arbitremur
421 2017 595 2061 Platoni
644 2018 756 2061 hanc
802 2018 1072 2061 comoediam
1108 2034 1194 2061 non
1229 2019 1422 2075 ignotam
1457 2019 1593 2064 fuisse
1626 2025 1666 2064 et
1700 2020 1794 2064 eius

115 2093 367 2150 cogitationi
413 2093 619 2149 pabulum
663 2093 916 2149 praebuisse
949 2109 1047 2136 cum
1081 2094 1279 2150 quintum
1314 2094 1473 2138 librum
1507 2095 1793 2152 Reipublicae

115 2169 337 2212 scriberet.

188 2311 220 2355 I.
277 2312 699 2368 Aristophanes
757 2312 1048 2355 Platonem
1110 2328 1215 2355 non
1266 2312 1495 2368 irridet,
1544 2330 1722 2372 neque

187 2387 516 2446 philosophi
551 2387 654 2431 illa
686 2387 737 2430 in
772 2388 1091 2444 Republica
1124 2388 1384 2431 doctriua
1418 2389 1481 2432 ad
1514 2390 1718 2433 comici

656 2479 822 2507 aures
870 2465 1249 2521 permanavit.

168 2574 221 2625 A)
316 2572 639 2629 Aristophanes
689 2572 842 2628 viginti
892 2572 980 2615 fere
1030 2574 1158 2616 annis
1197 2572 1336 2616 maior
1378 2579 1507 2618 natus
1540 2579 1631 2618 erat
1663 2590 1795 2631 quam

257 2648 397 2692 Plato.
418 2648 518 2691 Non
547 2648 750 2692 credibile
777 2653 843 2691 est
871 2648 1230 2704 Aristophanem,
1254 2655 1443 2692 veterem
1462 2651 1504 2693 in
1524 2655 1615 2694 arte
1632 2651 1797 2707 gladia·

145 2781 171 2822 ¹)
204 2779 422 2824 Nuperrime
449 2780 502 2814 vir
526 2780 757 2814 clarissimus
778 2780 1136 2822 eruditissimusque
1161 2779 1468 2815 v.W1LAM0vv1Tz
1490 2780 1639 2824 (Platon
1664 2781 1697 2815 ll
1717 2781 1794 2824 199)

105 2841 324 2875 commotior
346 2840 472 2875 animo
495 2840 600 2876 iratis
625 2841 748 2876 verbis
769 2841 912 2885 respuit
934 2840 1246 2875 controversiam:
1276 2842 1358 2883 „An
1379 2841 1462 2881 den,
1483 2843 1552 2877 wie
1574 2855 1614 2878 es
1635 2842 1795 2881 scheint,

104 2900 425 2936 unausrottbaren
471 2901 617 2936 Unsinn
654 2902 806 2936 schame
841 2901 899 2936 ich
936 2900 1032 2935 mich
1065 2900 1152 2939 fast,
1185 2901 1244 2935 ein
1283 2900 1389 2936 Wort
1422 2903 1717 2939 verschwenden
1749 2917 1793 2939 zu

104 2967 267 3001 [missen.
293 2962 382 2996 dasz
411 2961 545 2995 Platon
570 2974 641 2996 von
670 2962 743 2996 den
768 2961 1067 2996 Ekklesiazusen
1095 2961 1161 2995 des
1183 2961 1463 3006 Aristophanes
1487 2964 1697 3008 abhange’‘.
