2019 3299
1038 184 1114 213 XVI

291 296 388 346 Qua
435 296 476 338 in
525 295 846 352 conquisitione
891 294 1023 338 variis
1062 294 1391 338 difficultatibus
1433 294 1658 338 afficimur.
1701 295 1917 340 Auctores

234 387 320 414 non
363 387 535 428 semper
576 370 869 419 consentiunt,
907 370 932 413 i.
970 385 1006 413 e.
1041 385 1126 413 non
1159 385 1331 427 semper
1361 371 1407 410 τὰ
1439 371 1540 410 αὐτὰ
1571 371 1658 424 περὶ
1690 379 1762 412 τοῦ
1793 373 1917 413 αὐτοῦ

232 446 394 490 dicunt.
428 447 571 503 Saepe
603 445 754 489 eadem
791 445 856 488 vel
886 445 1047 488 similia
1075 445 1201 488 nobis
1229 450 1424 494 narrant,
1455 460 1785 503 nonnumquam
1815 461 1918 490 vero

231 521 464 566 dissimilia
496 527 537 565 et
570 537 749 578 prorsus
782 520 1010 570 contraria,
1044 525 1083 563 et
1117 520 1229 564 alius
1257 520 1391 564 alium
1418 520 1645 564 Socratem
1675 521 1716 564 in
1744 522 1918 578 scriptis

232 597 325 640 suis
366 597 553 640 exhibet.
605 597 732 640 Alius
781 596 922 652 magis
965 595 1272 639 historicorum
1306 596 1347 638 in
1383 597 1561 640 modum
1590 596 1717 640 nobis
1750 598 1918 642 tradere

208 673 401 716 ‘videtur
442 687 554 729 quae
593 672 632 715 ei
664 672 714 714 de
748 671 929 715 Socrate
963 676 1067 714 nota
1100 676 1202 714 sunt
1235 670 1303 714 vel
1336 670 1514 715 aliunde
1546 673 1846 722 innotuerunt,
1878 678 1919 717 et

231 748 447 792 eiusmodi
494 748 651 797 fontes,
700 747 789 790 irae
837 751 877 790 et
925 746 1057 790 studii
1102 746 1255 790 habita
1301 746 1485 796 ratione,
1529 763 1614 791 non
1660 747 1784 804 parvi
1817 752 1920 792 sunt

230 824 426 868 ducendi.
471 823 598 867 Alius
642 838 773 879 saepe
817 823 952 865 utitur
987 822 1167 865 Socrate
1199 823 1326 879 quasi
1359 823 1550 879 quadam
1584 823 1796 867 dramatis
1827 839 1921 881 per-

231 915 341 943 sona
376 905 415 942 et
448 899 490 942 in
525 898 619 942 eius
653 898 837 955 dialogis
874 898 1079 942 Socrates
1113 899 1327 950 πρόσωπον
1361 898 1504 942 factus
1538 903 1616 942 est.
1652 899 1848 944 Persona
1878 904 1920 944 et

232 976 365 1019 vestis
406 990 536 1033 quam
588 974 771 1031 scriptor
807 974 845 1017 ei
879 974 1018 1017 induit
1051 975 1177 1017 nobis
1211 974 1343 1031 igitur
1375 980 1501 1019 caute
1535 980 1574 1018 et
1607 975 1920 1032 circumspecte

230 1052 502 1096 amovendae
550 1056 665 1094 sunt.
714 1050 810 1094 Hoc
855 1050 965 1100 dico,
1009 1050 1045 1093 si
1086 1050 1175 1094 alia
1215 1051 1545 1108 comparatione
1588 1051 1650 1094 uti
1683 1051 1803 1095 licet:
1837 1051 1920 1095 etsi

231 1130 323 1186 agri
357 1129 430 1187 qui
463 1129 666 1172 coluntur
697 1143 784 1171 non
819 1143 971 1171 omnes
1004 1127 1203 1184 frugiferi
1237 1132 1352 1173 sunt.
1386 1133 1535 1172 tamen
1570 1143 1622 1171 ex
1654 1128 1716 1171 eis
1748 1143 1862 1186 quae
1894 1143 1921 1172 a

231 1205 410 1249 Socrate
442 1205 699 1248 dicebantur
725 1203 769 1247 in
798 1203 1091 1253 sermonibus,
1120 1204 1162 1246 in
1192 1203 1434 1261 colloquiiS,
1464 1204 1505 1247 in
1532 1204 1920 1260 disputationibus,

231 1297 431 1339 quaeque
471 1286 682 1338 tanquam
726 1280 899 1324 semina
940 1281 982 1323 in
1027 1281 1235 1324 iuvenum
1280 1280 1452 1324 animos
1485 1280 1817 1337 spargebantur,
1850 1279 1920 1323 hic

230 1362 361 1414 atque
394 1357 479 1400 illic
511 1358 640 1400 flores
673 1362 712 1400 et
747 1356 896 1413 fruges
928 1361 1033 1400 nata
1065 1361 1190 1403 sunt:
1234 1373 1285 1399 ex
1319 1356 1405 1399 illis
1438 1356 1568 1413 igitur
1604 1355 1920 1413 discipulorum

230 1433 459 1478 sententiis
502 1438 541 1476 et
584 1432 926 1489 cogitationibus
959 1432 1143 1481 semina,
1178 1433 1290 1475 unde
1323 1433 1622 1481 effloruerunt,
1656 1431 1783 1475 nobis
1814 1431 1920 1475 divi-

231 1511 378 1555 nanda
407 1515 508 1553 sunt
541 1515 581 1552 et
604 1537 651 1541 —-
674 1514 806 1553 sator.
841 1509 964 1560 Quod
1000 1508 1301 1552 difficillimum
1336 1512 1414 1551 est.
1448 1506 1751 1551 Nihilominus
1779 1507 1920 1565 inqui·

229 1587 364 1630 renda
391 1586 724 1643 separandaque
752 1590 857 1629 sunt
885 1585 925 1627 in
955 1601 1128 1642 quoque
1155 1584 1370 1641 discipulo
1393 1599 1505 1641 quae
1525 1583 1724 1639 magistri
1742 1582 1921 1626 fuerunt

229 1678 428 1720 quaeque
462 1662 602 1719 ipsius
636 1661 839 1717 discipuli
875 1665 977 1704 sunt
1002 1660 1041 1714 ¹).

289 1738 517 1789 Quomodo
566 1738 673 1780 haec
720 1737 762 1779 in
811 1753 855 1780 re
905 1742 993 1779 tam
1042 1736 1211 1779 lubrica
1253 1751 1383 1792 quam
1428 1734 1670 1778 certissime
1703 1733 1919 1791 explorari

230 1818 414 1871 possunt
436 1812 504 1866 Ὗ.)

291 1890 454 1933 Dixerit
501 1889 676 1946 aliquis,
726 1889 838 1931 sicut
885 1888 1184 1932 mathematici
1228 1888 1270 1930 in
1318 1887 1564 1931 rationibus
1598 1900 1916 1943 nonnunquam

229 1970 445 2022 quaerunt
490 1967 807 2018 Communem,
856 1980 983 2021 quem
1038 1968 1209 2012 vocant,
1258 1965 1504 2008 Factorem
1543 1963 1688 2014 (vernt
1737 1963 1920 2006 Grootst

230 2042 451 2085 Gemeene
498 2041 689 2095 Deeler),
739 2041 800 2083 ita
848 2040 974 2083 nobis
1019 2055 1191 2097 quoque
1227 2055 1278 2082 ex
1315 2039 1447 2083 variis
1483 2037 1693 2094 vestigiis,
1728 2036 1936 2101 indiciis,-

277 2164 298 2206 ¹)
323 2163 614 2207 Antiquissimis
639 2163 808 2198 fontibus
828 2163 988 2197 libenter
1010 2163 1169 2197 maxime
1192 2161 1301 2196 fidem
1325 2162 1484 2201 habeas;
1504 2173 1627 2204 neque
1648 2162 1775 2195 tamen
1795 2161 1920 2204 poste·

228 2224 344 2258 riores
377 2224 578 2269 scriptores
609 2224 835 2267 neglegendi
871 2226 906 2258 et
934 2225 987 2258 sic
1021 2226 1158 2257 temere
1188 2223 1396 2266 seponendi
1426 2224 1526 2257 sunt.
1552 2220 1691 2265 Negari
1716 2220 1815 2255 enim
1844 2233 1919 2255 non

227 2287 352 2329 potest
388 2284 465 2324 fieri
501 2284 674 2328 potuisse
710 2286 750 2319 ut
786 2297 831 2318 ex
866 2284 1074 2327 deperditis
1110 2283 1270 2318 alicuius
1297 2282 1555 2326 antiquissimi
1579 2281 1745 2317 auctoris
1771 2280 1921 2326 scriptis

227 2345 494 2380 adnotationes
518 2345 617 2379 haud
643 2345 942 2379 contemnendas
967 2347 1172 2379 servarent.

271 2408 297 2449 2)
322 2406 468 2448 Quibus
501 2406 808 2440 adnumerandus
844 2408 901 2440 est
939 2405 1122 2449 imprimis
1157 2405 1381 2451 Xenophon.
1416 2404 1523 2438 cuius
1549 2403 1736 2448 Apologia
1762 2415 1836 2437 non
1861 2404 1920 2437 est

228 2468 336 2501 fictus
361 2472 448 2507 λόγος
470 2472 671 2510 Σωκρατικός.
696 2467 815 2501 Totus
838 2479 989 2510 quoque
1013 2466 1074 2500 ille
1093 2466 1199 2508 liber,
1212 2466 1270 2501 eui
1286 2466 1421 2500 titulus
1436 2464 1707 2504 Memorabilia,
1722 2463 1921 2498 habendus

227 2530 284 2562 est
310 2528 480 2562 defensio
505 2527 682 2567 Socratis,
705 2528 786 2562 eius
809 2529 907 2562 vitae.
928 2530 962 2562 et
985 2527 1261 2571 philosophiae.
1276 2527 1400 2561 Prima
1414 2526 1537 2573 capita
1551 2525 1663 2569 vulgo
1678 2525 1921 2560 nominantur

227 2588 415 2632 Apologia
441 2588 695 2630 (Germanica
722 2588 1024 2629 Schutzschrift),
1049 2600 1144 2631 quae
1162 2601 1246 2622 vero
1269 2587 1405 2622 deinde
1420 2589 1632 2630 sequuntur
1645 2588 1778 2630 postea
1791 2585 1921 2620 addita

225 2662 309 2684 esse
335 2649 450 2688 aiunt,
477 2662 597 2692 neque
624 2650 748 2684 omnia
770 2651 938 2693 genuina
952 2650 1107 2683 liabent.
1124 2648 1241 2683 Nobis
1257 2651 1359 2683 totus
1375 2648 1437 2682 ill‹·
1452 2648 1548 2682 liber
1562 2650 1618 2682 est
1633 2659 1728 2691 opus
1743 2645 1919 2690 discipuli

229 2710 292 2753 qui
317 2700 457 2753 magna¹
478 2711 618 2754 pietate
644 2710 831 2745 adductus
857 2710 1077 2754 magistrum
1104 2712 1138 2743 et
1165 2710 1246 2744 eius
1272 2709 1485 2743 memoriam
1507 2707 1706 2743 defendere
1731 2705 1919 2745 studebat,

229 2783 310 2805 cum
344 2771 498 2805 crimina
522 2772 713 2814 refutaret,
740 2772 876 2805 deinde
903 2772 1117 2815 exponeret,
1143 2770 1266 2813 qualis
1300 2771 1410 2804 homo
1443 2769 1579 2803 fuisset
1612 2780 1710 2807 reus,
1746 2769 1782 2801 et
1806 2778 1918 2810 quam

229 2834 353 2876 potest
380 2832 564 2865 uberrima
589 2834 812 2874 argumenta
842 2834 875 2866 et
905 2831 1123 2865 testimonia
1150 2831 1342 2874 proferret,
1369 2830 1464 2864 sicut
1491 2829 1527 2863 in
1553 2828 1691 2863 indicio
1713 2827 1790 2861 fieri
1812 2826 1919 2865 solet,

228 2894 324 2926 sicut
361 2893 496 2926 bonum
533 2892 762 2926 causidicum
803 2893 921 2930 «lecet,
960 2892 1003 2925 vf.
1040 2905 1069 2925 e.
1096 2904 1129 2933 g.
1160 2891 1376 2924 Ciceronem
1405 2891 1439 2924 in
1471 2889 1641 2923 Vei-riuis
1671 2886 1917 2921 orationibus.

229 2953 349 2987 Totus
369 2953 461 2987 liber
485 2955 613 2986 nostra
639 2954 828 2987 sententia
855 2955 932 2987 arte
958 2953 1145 2986 cohaeret.
