2019 3299
1009 184 1087 226 172

165 333 168 338 <
199 308 406 364 magister
438 309 658 365 quondam
692 309 1093 359 aestimatissil‘nus
1125 310 1330 354 observat
1367 311 1546 366 „comici
1575 313 1708 357 verba
1735 315 1884 358 testari

198 383 426 427 Platonem
473 384 587 427 hanc
632 384 1003 441 comparationem
1053 385 1262 441 magistro
1305 402 1390 429 non
1433 387 1485 430 de
1518 402 1598 430 suo
1631 388 1883 440 tribuisse'’,

197 459 272 502 sed
304 459 468 515 „ipsius
497 458 692 503 Socratis
724 460 838 503 dicta
870 460 925 503 ab
959 461 1094 503 altero
1125 488 1175 492 —
1203 477 1263 504 sc.
1296 462 1350 505 ab
1378 462 1675 519 Aristophane
1706 491 1756 496 —
1777 465 1883 509 deri-

197 534 339 578 denda
380 534 601 591 propinari
643 535 976 591 spectatoribus,
1010 536 1065 579 ab
1098 536 1235 579 altero
1271 563 1320 568 -
1357 552 1415 580 sc.
1450 552 1476 581 a
1507 538 1691 583 Platone
1724 564 1776 569 —
1813 540 1885 598 pia

197 610 409 653 memoria
458 610 587 653 recoli
635 610 898 668 dotibusque
946 611 1013 654 sui
1048 611 1210 667 ingenii
1244 612 1490 656 exornari.’'
1523 614 1658 658 Doleo
1695 631 1763 659 me
1796 632 1881 659 non

195 685 401 729 assentiri
443 701 572 742 posse
606 686 698 729 viro
732 687 986 730 doctissimo
1019 688 1158 745 deque
1190 688 1488 745 Aristophane
1521 689 1684 746 optime
1717 691 1884 735 merito.

196 761 350 818 Neque
393 762 537 819 ipsum
582 762 809 805 Platonem
844 763 953 806 haec
985 763 1318 819 excogitavisse,
1354 780 1494 821 neque
1527 781 1548 808 e
1580 765 1778 822 magistri
1810 782 1883 810 ore

195 837 438 893 sublegisse
480 838 681 884 arbitror,
724 839 812 887 sed,
856 854 955 881 cum
1000 839 1313 895 Aristophanis
1349 855 1501 884 versus
1533 827 1706 897 legeret,
1741 842 1883 887 vivide

194 929 269 956 eos
301 913 497 957 Platonis
532 919 720 958 mentem
753 914 1039 972 animumque
1071 915 1267 971 tetigisse
1300 916 1499 972 suspicor
1525 922 1564 960 et
1591 917 1690 961 inde
1719 918 1880 962 factum

194 1004 290 1031 esse
330 993 373 1032 ut
412 989 623 1033 memoria
655 1005 729 1033 eos
762 990 964 1034 retineret
999 995 1238 1047 posteaque
1271 991 1325 1034 ab
1359 991 1440 1034 hoc
1473 992 1515 1035 in
1549 992 1756 1037 Nubibus
1787 994 1882 1038 loco

195 1064 414 1120 profectus
457 1081 478 1108 e
519 1064 791 1122 lepidissimo
834 1065 1147 1123 Aristophanis
1181 1066 1359 1110 invento
1389 1067 1726 1124 pulcherrimam
1755 1085 1880 1113 suam

192 1141 565 1197 comparationem
618 1142 669 1184 de
715 1141 911 1186 Socratis
959 1142 1001 1185 in
1049 1158 1093 1186 re
1141 1142 1448 1199 philosophica
1493 1149 1585 1188 arte
1633 1145 1886 1190 obstetricia

193 1216 405 1260 imitando
447 1217 686 1274 effingeret.
729 1218 824 1261 Hoc
858 1218 1049 1262 indicare
1087 1219 1193 1261 mihi
1228 1219 1397 1262 videtur
1431 1220 1611 1263 verbum
1645 1221 1880 1265 admodum

194 1293 432 1343 insolitum,
476 1293 682 1338 idoneum
724 1299 870 1338 autem
911 1295 1083 1352 quoda
1116 1295 1282 1338 comico
1315 1295 1607 1346 adhiberetur,
1641 1297 1735 1340 dieo
1769 1299 1882 1350 ἐξαμ-

192 1371 368 1421 βλίσκειν
401 1370 482 1413 149
502 1369 550 1420 D,
590 1371 672 1413 150
689 1370 740 1413 E

253 1444 348 1488 Hoc
394 1446 559 1488 accedit
605 1446 720 1502 quod
770 1461 923 1489 versus
966 1446 1040 1503 qui
1083 1451 1327 1503 sequuntur
1369 1447 1409 1490 in
1445 1446 1652 1491 Nubibus
1683 1448 1881 1492 Platonis

192 1520 327 1564 menti
382 1521 604 1567 obversati
662 1537 760 1565 esse
821 1522 1036 1571 videntur,
1094 1538 1190 1565 cum
1249 1522 1385 1566 alium
1429 1524 1471 1566 in
1515 1524 1665 1567 eodem
1709 1524 1881 1581 dialogo

189 1596 333 1639 locum
392 1596 614 1647 scriberet,
672 1597 767 1641 dico
816 1613 906 1647 eos,
957 1598 1029 1641 ubi
1078 1598 1320 1655 discipulus
1368 1598 1428 1642 ait
1470 1614 1535 1646 ea,
1578 1615 1691 1656 quae
1733 1600 1880 1656 Strep-

191 1672 301 1716 siadi
342 1673 536 1729 dicturus
585 1679 663 1729 est,
706 1690 870 1718 arcana
910 1690 1008 1718 esse
1051 1674 1254 1718 habenda
1297 1690 1437 1732 neque
1479 1674 1607 1718 licere
1660 1690 1712 1719 ea
1743 1674 1879 1719 divul-

189 1763 306 1804 gare,
335 1748 451 1792 Nub.
491 1749 594 1794 140:

455 1848 530 1890 ἀλλ’
568 1851 615 1891 οὗ
653 1851 798 1902 θέμις
831 1852 934 1903 πλὴν
966 1857 1045 1900 τοῖς
1078 1856 1324 1904 μαθηταῖσιν
1356 1852 1496 1905 λέγειν,

191 1956 261 1999 vix
308 1958 498 2008 tandem,
549 1963 781 2016 postquam
834 1959 1111 2016 Strepsiades
1159 1959 1264 2002 dixit
1306 1975 1351 2002 se
1395 1975 1496 2002 mox
1529 1959 1876 2015 condiscipulum

191 2032 299 2083 fore,
332 2033 534 2089 precibus
570 2034 724 2084 victus,

451 2137 558 2187 λέξω,
590 2136 753 2193 inquit;
789 2141 1003 2189 νομίσαι
1038 2139 1231 2179 δὲταῦτα
1264 2140 1336 2191 χρὴ
1370 2141 1641 2190 μυστήρια.

249 2242 521 2293 Quibuscum
559 2245 759 2289 versibus
794 2245 871 2288 viri
905 2247 1019 2290 docti
1053 2247 1138 2290 iam
1172 2246 1450 2290 contulerunt
1483 2246 1666 2290 Theaet.
1713 2247 1795 2289 155
1827 2245 1875 2288 E.

187 2322 304 2372 ἄθρει
336 2323 384 2374 δὴ
417 2330 682 2375 περισκοπῶν,
712 2324 765 2374 μή
797 2340 853 2370 τις
885 2331 961 2362 τῶν
995 2324 1239 2374 ἀμυήτων
1271 2324 1462 2379 ἐπακούῃ.

248 2429 461 2472 Similiter
492 2446 560 2473 res
593 2446 639 2472 se
673 2430 804 2473 habet
838 2431 1025 2487 Euthyd.
1061 2431 1145 2474 277
1166 2431 1214 2485 D,
1242 2431 1315 2474 ubi
1344 2431 1548 2475 Socrates
1575 2430 1739 2474 auxilio
1759 2429 1876 2476 venit

188 2505 349 2554 iuveni,
394 2505 466 2562 qui
517 2506 778 2562 opprimitur
819 2522 845 2549 a
887 2506 1099 2563 sophistis
1141 2512 1178 2549 et
1221 2508 1273 2550 ad
1309 2507 1462 2550 incitas
1495 2506 1724 2563 redigitu1·;
1760 2498 1898 2548 hisce'

189 2580 336 2623 verbis
379 2581 473 2624 eius
515 2581 712 2624 animum
756 2582 1008 2625 confirmat:
1056 2582 1184 2636 „Noli
1227 2582 1391 2632 mirari,
1426 2581 1583 2631 Clinia,
1617 2581 1653 2624 si
1687 2596 1803 2624 nova
1835 2585 1876 2623 et

189 2655 366 2700 insolita
413 2657 489 2699 tibi
533 2658 705 2700 videtur
748 2657 835 2700 ista
878 2657 1133 2713 disputatio.
1164 2657 1372 2701 Nondum
1406 2657 1595 2700 fortasse
1623 2655 1875 2700 intellexisti

188 2746 323 2787 quare
357 2732 572 2789 peregrini
603 2733 735 2790 paulo
769 2733 922 2776 durius
955 2739 1096 2777 tecum
1131 2738 1277 2789 agant.
1314 2738 1498 2774 Ποιεῐτον
1531 2733 1573 2773 δὲ
1605 2733 1748 2773 ταύτὸν
1781 2733 1875 2782 ὅπερ

188 2809 229 2846 οἵ
266 2808 307 2847 ἐν
348 2816 392 2864 τῇ
425 2814 601 2865 τελετῇ
634 2817 710 2848 τῶν
744 2812 1031 2862 Κορυβάντων,
1063 2811 1156 2849 ὅταν
1189 2811 1259 2861 τὴν
1292 2812 1559 2860 θρόνωσιν
1586 2815 1755 2848 ποιῶσιν
1787 2806 1875 2858 περὶ

186 2890 326 2923 τοῦτον
357 2883 403 2923 ὃν
434 2884 484 2923 ἂν
515 2885 706 2936 μέλλωσιν
739 2891 871 2925 τελεῖν.
904 2885 1042 2929 Paulo
1075 2890 1195 2941 post:
1225 2894 1300 2926 νῦν
1328 2882 1401 2926 οὖν
1430 2888 1652 2936 νόμισον
1679 2885 1723 2923 τὰ
1740 2891 1873 2935 πρῶτα

187 2966 264 2996 τῶν
296 2960 411 3011 ἱερῶν
443 2960 605 3000 ἀκούειν
636 2969 714 3000 τῶν
747 2969 1003 3012 σοφιστικῶν.
1037 2960 1149 3004 Illud
1182 2964 1348 3013 νόμισον
1382 2960 1594 3017 imprimis
1626 2961 1746 3003 ‘mire
1777 2972 1874 3000 con-
