2019 3299
1080 139 1134 185 10

325 257 388 301 In.
431 258 561 302 Mem.
602 258 678 304 IV.
719 261 760 304 2.
802 262 858 305 22
899 263 1086 320 legimus
1129 267 1170 306 οἵ
1208 266 1281 318 γὰρ
1323 270 1495 306 πλεῖστοι
1526 273 1603 306 τῶν
1634 283 1676 320 γε
1708 268 1753 307 τὰ
1784 276 1947 310 τοιαῦτα

264 333 534 385 ἐπισταμένων
564 335 890 389 ἀνδραποδώδεις
923 340 1032 379 εἰσίν.
1920 393 1934 402 l

324 410 375 453 Et
416 427 683 469 quamquam
727 415 842 471 apud
886 415 1091 473 Xenoph.
1135 416 1235 460 Oec.
1279 417 1319 460 4.
1363 418 1389 460 2
1432 421 1562 474 atque
1605 418 1645 461 6.
1688 420 1714 462 5
1758 423 1798 462 et
1830 419 1945 474 apud

264 484 373 530 Plat.
417 488 468 530 de
510 504 599 545 rep.
642 491 729 534 590
771 491 803 534 C
846 492 958 535 idem
1002 508 1145 537 sermo
1179 498 1245 537 est
1278 495 1366 546 περὶ
1403 503 1480 535 τῶν
1512 497 1771 546 βαναυσικῶν
1801 503 1947 548 τεχνῶν

265 562 329 604 vir
374 563 529 609 doctus
577 571 699 622 putat
740 568 802 611 sic
844 573 1005 613 temere
1049 570 1124 614 illa
1167 570 1339 614 Socrati
1378 570 1621 615 abiudicari
1663 586 1808 627 posse.
1850 570 1945 626 Nos

263 643 416 684 contra
445 642 710 686 arbitramur
740 643 955 688 eiusmodi
989 645 1297 690 similitudines
1331 646 1495 704 aliquid
1530 647 1674 690 valere
1705 647 1863 690 debere
1895 646 1948 690 ad

261 713 389 757 fidem
422 715 691 762 historicam.
725 720 969 764 Dolendum
1004 727 1069 765 est
1103 727 1326 778 praeterea
1359 722 1596 766 nonnullos
1627 722 1740 766 alios
1769 722 1890 766 locos
1907 726 1948 766 et

260 791 377 846 apud
425 791 767 851 Xenophontem
815 802 855 840 et
903 798 1018 854 apud
1067 798 1295 842 Platonem
1344 814 1369 842 a
1412 798 1504 842 viro
1548 798 1674 842 docto
1718 813 1804 842 non
1847 813 1945 842 esse

261 865 434 910 allatos,
478 868 512 910 E
555 869 685 914 Mem.
729 872 803 916 III.
848 873 886 916 7.
921 875 1036 917 Γ-8
1079 874 1241 931 optime
1275 874 1325 917 de
1359 874 1588 931 opificibus
1620 874 1723 932 quid
1759 873 1946 918 senserit

261 943 562 999 perspicimus.
596 945 733 990 Plena
764 952 1042 1005 contemptus
1073 949 1149 993 illa
1181 950 1317 993 verba
1348 954 1466 993 sunt.
1500 951 1579 990 Καὶ
1611 951 1652 991 σέ
1684 967 1726 1004 γε
1760 952 1947 1002 διδάξων,

258 1019 349 1069 ἔφη,
388 1021 585 1075 ὥρμημαι,
626 1023 682 1062 ὅτι
724 1024 816 1064 οὔτε
846 1027 939 1073 τοὺς
972 1028 1298 1077 φρονιμωτάτους
1330 1028 1571 1077 αἰδούμενος
1604 1026 1694 1066 οὔτε
1718 1027 1811 1074 τούς
1838 1027 1945 1078 ἴσχυ-

259 1096 448 1144 ροτάτους
493 1099 750 1149 φοβούμενος
792 1100 832 1140 ἐν
876 1106 982 1149 τοῖς
1019 1102 1437 1153 ἀφρονεστάτοις
1479 1118 1526 1142 τε
1570 1103 1655 1142 καὶ
1698 1102 1946 1142 ἀσθενεσ-
2012 1156 2016 1159 η

261 1171 434 1218 τάτοις
480 1173 659 1224 αἰσχύνει
704 1175 844 1227 λέγειν.
893 1178 1061 1228 πότερον
1107 1178 1181 1230 γὰρ
1219 1179 1312 1225 τοὺς
1354 1182 1573 1228 κναφεῑς
1615 1179 1747 1218 αὐτῶν
1788 1178 1814 1230 ’ἢ
1854 1179 1946 1226 τοὺς

262 1252 467 1295 σκυτεῖς
508 1248 533 1300 ’ἢ
575 1250 666 1297 τοὺς
710 1251 956 1300 τέκτονας
999 1253 1023 1304 ἢ
1067 1254 1158 1301 τοὺς
1201 1258 1409 1305 χαλκεῖς
1441 1253 1466 1305 ἢ
1500 1254 1591 1301 τοὺς
1623 1253 1944 1306 γεωργούςῆ

260 1323 376 1369 τοὺς
409 1323 670 1377 ἐμπόρους
702 1325 726 1378 ἢ
759 1328 850 1375 τοὺς
883 1327 925 1367 ἐν
952 1336 997 1383 τῇ
1030 1328 1155 1383 ἀγορᾷ
1188 1329 1555 1381 μεταβαλλομένους
1582 1329 1648 1368 καὶ
1664 1331 1945 1380 φροντίζοντας

258 1397 315 1436 ὅτι
361 1397 569 1440 ἕλάττονοσ
610 1405 821 1452 πριάμενοι
862 1404 1045 1451 πλείονος
1086 1404 1317 1444 ἀποδῶνται
1358 1406 1557 1456 αἰσχύνας
1599 1404 1640 1444 ἐκ
1680 1404 1754 1458 γὰρ
1794 1407 1944 1446 τούτων

259 1472 446 1514 ἁπάντων
475 1474 499 1526 ἡ
533 1477 717 1529 ἐκκλησία
749 1480 993 1529 συνίσταται,
1024 1485 1100 1519 κτλ.

317 1548 446 1606 Apud
478 1550 707 1595 Platonem
742 1552 897 1596 deinde
929 1559 994 1597 est
1025 1554 1149 1598 locus
1181 1554 1254 1612 qui
1287 1554 1415 1598 nobis
1449 1554 1626 1612 saepius
1653 1556 1733 1599 erit
1757 1570 1944 1599 comme-

258 1626 513 1676 morandus,
546 1643 632 1684 quo
665 1628 816 1672 divina
847 1629 1100 1687 philosophi
1133 1646 1205 1675 ars
1238 1631 1444 1675 laudibus
1471 1631 1650 1676 effertur
1681 1637 1722 1675 et
1755 1630 1944 1688 vulgari-

258 1700 340 1743 bus
380 1701 608 1746 hominum
652 1704 824 1754 studiis,
858 1705 1027 1749 artibus
1060 1706 1263 1756 sordidis,
1298 1706 1548 1764 opponitur.
1583 1706 1735 1764 Symp.
1773 1707 1860 1751 203
1879 1706 1941 1750 A:

259 1776 277 1816 ὅ
320 1777 390 1828 μὲν
430 1779 519 1830 περὶ
558 1779 603 1818 τὰ
644 1788 807 1820 τοιαῦτα
848 1784 973 1832 σοφὸς
1016 1784 1229 1834 δαιμόνιοσ
1262 1783 1377 1835 ἀνήρ,
1409 1783 1428 1823 ὁ
1462 1783 1503 1823 δὲ
1535 1784 1629 1824 ἄλλο
1661 1800 1696 1823 τι
1728 1784 1857 1834 σοφὸσ
1887 1783 1943 1823 ὢν

257 1852 282 1904 ἢ
328 1853 416 1903 περὶ
466 1854 601 1906 τέχνας
648 1856 673 1908 ἢ
720 1861 968 1910 χειρουργίας
1010 1860 1118 1906 τινὰς
1164 1860 1444 1911 βάναυσος.
1487 1858 1536 1902 In
1579 1859 1665 1902 fine
1697 1858 1942 1903 sententiae

256 1928 440 1985 abrupte
487 1934 527 1972 et
573 1946 670 1973 cum
718 1936 972 1989 contemptu
1021 1933 1285 1977 vocabulum
1328 1934 1613 1978 enuntiatum·
1646 1939 1726 1978 est.
1770 1933 1944 1978 Similia

255 2004 460 2060 leguntur
489 2005 600 2048 Plat.
635 2006 774 2050 Alcib.
798 2007 875 2051 131
914 2008 1019 2058 AB,
1054 2008 1239 2052 Theaet.
1276 2009 1411 2053 175E
1448 2010 1530 2053 176
1564 2009 1611 2054 C.

316 2081 470 2137 Neque
502 2097 585 2125 vox
617 2084 820 2134 βάναυσος
852 2084 1170 2139 posterioribus
1199 2085 1374 2128 demum
1403 2085 1445 2129 in
1474 2102 1655 2130 sensum
1685 2085 1943 2129 deteriorem

255 2156 375 2199 abiit.
408 2157 501 2200 Iam
534 2159 649 2214 apud
682 2159 873 2215 tragicos
907 2160 979 2203 illo
1000 2161 1214 2204 vocabulo
1244 2166 1360 2205 artes
1388 2162 1588 2206 sordidae
1612 2161 1940 2206 honestioribus

255 2232 602 2288 opponebantur,
637 2236 877 2292 quantique
912 2236 1176 2279 vocabulum
1209 2237 1490 2280 aestimatum
1525 2238 1579 2281 sit
1614 2254 1649 2282 e.
1676 2253 1715 2294 g.
1750 2253 1772 2282 e
1805 2237 1940 2294 Soph.

253 2307 367 2351 Aiax
415 2309 519 2352 1121
565 2311 842 2367 perspicuum
886 2317 964 2355 est.
1010 2312 1239 2356 Menelaus
1273 2313 1491 2357 Teucrum
1521 2329 1597 2371 per
1628 2313 1941 2357 contumeliam

256 2382 375 2427 hisce
410 2384 552 2428 verbis
586 2386 860 2442 aggreditur:

611 2494 630 2534 ὁ
662 2497 820 2547 τοξότης
854 2497 978 2536 ἔοικεν
1011 2497 1059 2536 οὐ
1091 2498 1256 2549 σμικρὸν
1288 2503 1467 2550 φρονεῖν,

313 2601 537 2657 respondit
571 2601 634 2644 vir
666 2601 813 2651 fortis;

610 2695 656 2734 οὐ
689 2695 761 2747 γὰρ
795 2697 1006 2747 βάναυσον
1038 2697 1109 2747 τὴν
1141 2697 1279 2748 τέχνην
1314 2697 1551 2749 ἐκτησάμην.

315 2842 535 2893 Materies
577 2859 628 2886 ex
668 2860 755 2900 qna
797 2845 924 2898 nobis
958 2845 1102 2902 imago
1136 2846 1331 2890 Socratis
1365 2851 1432 2890 est
1465 2847 1739 2896 delineanda,
1779 2861 1941 2902 magna

253 2933 339 2961 non
373 2922 452 2961 est.
486 2919 762 2974 Argumenta
787 2924 934 2964 tamen
970 2926 1009 2964 et
1042 2921 1203 2965 indicia
1235 2922 1362 2965 nobis
1392 2923 1508 2966 haud
1538 2922 1598 2966 ita
1624 2937 1725 2966 rara
1751 2921 1940 2967 affluunt
