2019 3299
1084 159 1139 202 62

207 322 210 326 .
270 282 372 339 kept
414 283 480 325 for
522 283 594 325 the
636 282 918 326 like-minded
952 283 1036 326 few
1072 284 1170 326 who
1202 283 1357 340 gather
1390 282 1529 325 round
1563 281 1651 325 him
1686 282 1728 325 in
1762 281 1835 325 the
1868 281 1949 338 pri-

267 359 489 401 sonhouse
518 358 559 400 in
594 358 665 400 the
697 358 889 402 PhaedO.

325 433 515 483 Quinam
549 434 609 476 illi
643 434 905 491 Pythagorei
940 434 1116 484 fuerint,
1151 434 1296 477 adhuc
1329 433 1608 490 ignoramus!

326 508 379 550 Et
421 524 473 551 ex
515 508 830 565 Aristophanis
870 509 1075 552 Nubibus
1118 508 1313 553 Socratis
1350 508 1759 565 Pythagoreismum
1793 507 1844 550 T.
1879 507 1947 550 de-

266 589 509 627 monstrare
555 589 750 627 conatur.
802 584 884 626 Hic
931 599 1104 641 quoque
1151 588 1282 627 errat.
1331 583 1485 626 Nubes
1527 583 1643 626 enim
1677 597 1764 625 non
1798 596 1947 625 veram

263 659 388 702 nobis
429 659 624 703 Socratis
666 659 903 715 imaginem
946 659 1179 715 depingere
1220 675 1271 702 ex
1306 659 1490 702 Platone
1524 674 1600 715 pro
1633 672 1749 701 certo
1782 657 1948 701 scimus

267 734 333 777 vel
375 751 461 777 uno
493 735 602 785 loco,
632 737 687 778 23
727 735 774 777 D.
809 734 937 790 Apol.
975 736 1020 774 τὰ
1053 733 1150 774 mit&
1182 738 1343 775 ’πάντων
1377 743 1453 775 τῶν
1485 738 1819 785 φιλοσοφούντων
1851 735 1947 783 πρό-

263 827 368 862 χειρα
395 819 516 850 ταῦτα
533 812 715 863 λέγουσιν
741 828 774 850 κ.
794 828 822 850 τ.
842 816 859 850 λ
899 809 1060 866 quibus
1081 810 1226 853 verbis
1256 809 1411 853 Nubes
1435 809 1800 866 perstringuntur.
1819 808 1946 852 Prae-

263 891 381 928 terea
413 886 581 928 nullum
615 886 992 943 Pythagoreorum
1022 886 1229 942 placitum
1258 886 1300 928 in
1330 886 1536 929 Nubibus
1562 885 1646 942 legi
1664 884 1945 929 statuendum

261 973 340 1004 est.
374 962 436 1004 De
472 961 680 1017 „collegio
713 962 1041 1018 privatissimo''
1076 962 1118 1005 in
1153 962 1359 1005 Nubibus
1391 962 1503 1005 idem
1537 961 1620 1004 dici
1648 965 1789 1018 potest
1815 965 1947 1017 atque

261 1038 312 1080 de
342 1037 552 1080 sodalicio
586 1037 627 1079 in
664 1037 913 1087 Phaedone,
949 1037 1063 1094 quod
1098 1036 1265 1093 Taylor
1300 1037 1579 1093 excogitavit.

864 1277 887 1323 g
922 1278 980 1314 12.
1034 1276 1335 1314 coxohusm.

316 1427 562 1469 Possumus
593 1426 724 1469 etiam
758 1431 944 1469 tractare
977 1427 1212 1470 nonnullas
1244 1428 1355 1471 alias
1388 1427 1670 1484 quaestiones
1701 1440 1813 1483 quae
1831 1424 1967 1470 ultrov

257 1518 304 1545 se
351 1502 567 1551 offerunt;
617 1501 804 1545 sufficiat
851 1509 999 1545 autem
1048 1519 1124 1546 eas
1166 1503 1320 1546 leviter
1368 1508 1409 1546 et
1452 1502 1592 1545 obiter
1623 1501 1840 1557 attingere
1872 1500 1941 1543 vel

257 1593 602 1620 commemorare
633 1583 818 1621 tantum.
852 1578 1026 1621 Etenim
1050 1594 1163 1635 quae
1191 1578 1303 1622 ratio
1331 1578 1555 1621 intercedit
1584 1577 1695 1620 inter
1713 1577 1939 1620 Socratem

258 1658 299 1696 et
339 1653 487 1696 omina
533 1653 766 1709 vulgaria?
808 1653 855 1697 Si
895 1654 963 1697 dei
998 1670 1074 1711 per
1106 1655 1386 1698 daemonium
1421 1655 1621 1698 clientem
1656 1669 1785 1696 suum
1820 1667 1940 1710 prae-

256 1735 449 1780 monent,
497 1746 797 1788 numquamne
847 1730 936 1774 alia
981 1731 1131 1774 omina
1177 1732 1232 1774 ab
1275 1731 1338 1774 eis
1380 1731 1651 1774 mittuntur?
1700 1729 1938 1785 Vulgarem

255 1809 450 1857 μαντικήν
487 1821 660 1862 quoque
693 1805 748 1848 ab
781 1821 832 1848 eo
866 1805 1108 1861 neglectam
1143 1822 1240 1849 esse
1273 1806 1538 1849 sumamus?
1571 1804 1802 1856 Quomodo
1834 1804 1942 1847 deus

256 1897 354 1924 eum
399 1880 440 1923 in
483 1881 751 1938 disputando
791 1882 849 1932 (ἐν
891 1884 1007 1938 λόγῳ)
1051 1881 1205 1925 iuvare
1239 1883 1444 1939 poterat?
1476 1882 1637 1938 Logica
1669 1879 1786 1924 enim
1819 1884 1941 1922 extra

257 1957 323 1999 vel
367 1972 503 2013 supra
543 1957 671 1999 deum
706 1961 786 1999 est.
830 1956 898 1999 An
933 1957 1017 1999 dux
1051 1962 1143 2000 erat
1176 1957 1214 1999 ei
1246 1957 1462 2009 (mortalis
1494 1962 1599 2006 erat,
1632 1956 1761 2012 longe
1795 1955 1939 1998 videre

253 2048 339 2075 non
374 2032 595 2089 poteratl),
631 2032 672 2074 in
707 2032 1025 2088 Labyrinthum
1062 2032 1266 2076 Rationis
1300 2033 1442 2076 Purae
1475 2031 1790 2076 descendenti?

315 2107 460 2151 Unum
494 2123 751 2164 responsum
786 2108 934 2151 statim
969 2107 1061 2151 dari
1095 2113 1240 2164 potest
1273 2113 1312 2151 et
1345 2109 1488 2152 debet.

312 2183 648 2232 Rationalismo,
692 2198 822 2239 quem
868 2188 1038 2232 vocant,
1083 2199 1136 2225 ne
1179 2184 1350 2227 occulta
1392 2189 1432 2227 et
1465 2183 1760 2227 reconditiora
1790 2197 1935 2226 rerum

252 2259 497 2301 divinarum
534 2286 583 2289 —
619 2260 663 2298 τὰ
711 2260 851 2307 ἄδυτα,
899 2264 945 2301 ut
992 2259 1053 2302 ita
1100 2258 1241 2302 dicam
1279 2286 1346 2309 —‚
1380 2260 1644 2316 perscrutari
1691 2258 1935 2316 cupiamus.

252 2334 630 2378 Contradictiones
691 2333 750 2376 ibi
805 2333 1097 2378 invenientur.
1147 2335 1496 2392 Nonnumquam
1544 2334 1675 2378 Ratio
1722 2334 1936 2378 eiusmodi

251 2410 383 2452 rebus
429 2410 603 2453 credere
652 2416 770 2454 vetat
818 2416 858 2454 et
904 2412 1116 2468 prohibet.
1160 2410 1453 2456 Daemonium
1495 2427 1668 2469 quoque
1711 2411 1934 2455 miraculis

250 2485 644 2534 adnumerandum,
689 2487 799 2529 sicut
844 2487 995 2530 omina
1046 2488 1263 2544 vulgaria,
1317 2488 1429 2531 sicut
1478 2487 1760 2531 Resurrectio
1806 2487 1935 2531 Jesus

250 2564 291 2602 et
336 2567 538 2604 sescenta
585 2562 673 2605 alia
719 2562 762 2604 in
817 2562 1045 2619 Scriptura
1093 2563 1242 2611 Sacra,
1287 2579 1400 2620 quae
1452 2567 1527 2606 aut
1583 2563 1685 2606 ficta
1730 2563 1935 2607 habenda

250 2640 325 2679 aut
366 2636 554 2680 Ratione
597 2638 715 2680 Duce
760 2638 1101 2695 interpretanda,
1144 2645 1219 2682 aut
1257 2639 1319 2682 sic
1351 2644 1512 2682 temere
1546 2639 1802 2695 accipienda
1833 2643 1934 2682 sunt

250 2711 439 2755 Ratione
490 2713 736 2756 conivente.
783 2714 915 2757 Ratio
969 2729 1101 2770 saepe
1144 2714 1322 2758 inimica
1365 2714 1598 2772 Religioni.
1637 2714 1808 2758 Socrati
1850 2714 1934 2757 soli

250 2787 444 2843 contigit,
489 2788 541 2831 cf.
585 2788 710 2832 Plato
763 2790 814 2832 de
862 2790 926 2833 Re
979 2790 1098 2846 publ.
1143 2790 1281 2833 496C
1328 2791 1352 2843 ἢ
1399 2793 1472 2844 γάρ
1519 2794 1598 2831 πού
1647 2808 1724 2831 τινι
1765 2791 1868 2846 ἄλλῳ
1909 2790 1934 2843 ἢ

249 2863 383 2902 οὐδενὶ
425 2871 501 2903 τῶν
544 2866 772 2916 ἔμπροσθεν
815 2867 963 2918 γέγονε.
1007 2865 1061 2908 cf.
1106 2865 1236 2908 Mem.
1280 2865 1356 2909 IV.
1398 2867 1439 2909 3.
1476 2866 1543 2909 12.
1577 2866 1651 2906 Σοὶ
1685 2864 1722 2906 δ’
1758 2866 1935 2905 ἐοίκασιν

247 2938 299 2976 ἔτι
346 2941 606 2991 φιλικώτερον
653 2940 677 2992 ἣ
726 2946 804 2988 τοῖς
852 2941 983 2988 ἄλλοις
1031 2947 1217 2993 χρῆσθαι.
1248 2941 1375 2998 Apud
1409 2942 1673 2998 posteriores
1709 2940 1934 2984 —imita—
