2019 3299
925 173 979 217 47

120 301 408 345 comitabatur
447 305 486 343 et
518 299 732 343 tuebatur.
767 298 935 341 Socrati
966 298 1095 354 igilur
1127 313 1284 340 nomen
1322 296 1548 354 quaerenti
1581 296 1693 353 quod
1733 295 1793 338 illi

122 377 214 420 voci
254 381 353 433 apte
393 376 484 419 dari
529 381 675 431 posset
717 374 916 417 vocabuli
956 374 1070 431 quod
1102 377 1167 416 est
1199 373 1476 416 daemonium
1510 372 1551 415 in
1595 376 1784 414 mentem

121 451 292 495 venisse
324 450 529 494 credibile
561 456 643 493 est.

177 526 257 570 Cui
290 525 635 582 interpretationi
667 530 707 568 et
739 524 813 568 alii
843 524 925 567 loci
954 523 1117 567 auxilio
1152 524 1345 567 veniunt.
1379 523 1425 566 In
1461 523 1612 580 Symp.
1645 520 1730 565 202
1753 521 1787 563 Ε

117 602 242 645 Plato
295 601 337 644 in
394 601 650 644 universum
696 599 885 657 loquitur
931 599 982 642 de
1030 599 1274 642 daemonio.
1322 598 1463 642 Locus
1511 598 1668 653 dignus
1718 597 1790 654 qui

116 681 233 720 totus
281 675 576 720 describatur:
623 676 689 716 καὶ
734 677 807 729 γὰρ
860 683 940 715 πᾶν
982 676 1023 715 τὸ
1066 677 1276 726 δαιμόνιον
1324 676 1465 726 μεταξύ
1508 674 1586 714 ἐστι
1626 679 1726 713 θεοῦ
1758 689 1796 713 τε

117 753 184 792 καὶ
232 757 400 804 θνητοῦ.
452 754 562 803 Τίνα,
608 747 658 803 ἦν
701 750 736 790 δ’
782 751 870 803 ἐγώ,
914 752 1088 802 δύναμιν
1120 748 1504 803 ἓ’χον;“Ερμηνεῠον
1536 749 1601 789 καὶ
1633 751 1796 800 διαπορ-

115 832 273 879 θμεῦον
305 831 415 875 θεοῖς
447 827 492 866 τὰ
523 824 609 878 παρ’
645 826 876 878 ἀνθρώπων
902 826 967 866 καὶ
1000 825 1231 877 ἀνθρώποις
1262 825 1307 864 τὰ
1339 825 1446 876 παρὰ
1478 829 1600 875 θεῶν,
1630 832 1707 864 τῶν
1725 823 1796 875 μὲν

116 903 187 956 μὲν
226 903 293 951 τὰς
335 903 485 953 δεήσεις
526 901 591 942 καὶ
632 903 793 953 θυσίας,
834 909 910 941 τῶν
952 900 993 941 δὲ
1034 901 1100 949 τὰς
1132 901 1321 949 ἐπιτάξεις
1353 916 1390 940 τε
1421 900 1485 940 καὶ
1518 899 1687 952 ἀμοιβὰς
1718 908 1796 939 τῶν

115 984 273 1019 θυσιῶν
313 978 355 1018 ἐν
397 977 500 1034 μέσῳ
543 976 584 1017 δὲ
625 977 672 1017 ὃν
714 977 957 1029 ἀμφοτέρων,
980 980 1218 1029 συμπληροῖ,
1247 977 1343 1016 ὥστε
1374 977 1416 1016 τὸ
1447 983 1528 1015 πᾶν
1560 976 1656 1016 αὐτὸ
1687 976 1792 1029 αὑτῷ

115 1053 390 1103 ξυνὸέδεσθαι.
433 1053 499 1092 διὰ
538 1054 681 1093 τούτου
718 1052 785 1092 καὶ
825 1051 850 1104 ἡ
892 1052 1060 1104 μαντικὴ
1092 1059 1199 1092 πᾶσα
1240 1056 1360 1104 χωρεῖ
1393 1051 1458 1091 καὶ
1500 1049 1629 1102 ἡτῶν
1661 1051 1796 1103 ἱερέων

117 1129 231 1181 τέχνη
272 1135 349 1168 τῶν
391 1143 428 1168 τε
468 1127 556 1180 περὶ
597 1128 663 1176 τὰς
689 1129 838 1176 θυσίας
868 1128 935 1167 καὶ
967 1128 1032 1176 τὰς
1064 1127 1214 1175 τελετὰς
1245 1127 1312 1166 καὶ
1344 1127 1410 1175 τὰς
1443 1127 1596 1183 ἐπῳδὰς
1628 1126 1694 1166 καὶ
1725 1126 1797 1178 τὴν

116 1205 305 1256 μαντείαν
346 1211 480 1243 πᾶσαν
521 1203 587 1243 καὶ
628 1205 822 1257 γοητείαν.
863 1204 958 1255 θεὸς
991 1202 1033 1243 δὲ
1064 1203 1268 1259 ἀνθρώπῳ
1301 1203 1348 1242 οὐ
1381 1204 1578 1255 μίγνυται,
1606 1202 1705 1242 ἀλλὰ
1732 1203 1797 1242 διὰ

114 1281 253 1321 τούτου
285 1280 392 1327 πᾶσά
423 1279 534 1319 ἐστιν
565 1278 590 1331 ἡ
625 1278 757 1329 ὁμιλία
789 1279 854 1319 καὶ
886 1278 910 1330 ἡ
939 1280 1140 1327 διάλεκτος
1172 1283 1284 1326 θεοῖς
1314 1279 1412 1331 πρὸς
1444 1279 1704 1331 ἀνθρώπουσ,
1733 1277 1796 1317 καὶ

115 1355 345 1409 ἐγρηγορόσι
376 1354 443 1394 καὶ
473 1356 733 1394 καθεύδουσι.

173 1430 313 1474 Omne
348 1428 479 1486 igitur
517 1429 631 1486 quod
673 1428 951 1472 daemonium
994 1428 1116 1473 audit
1147 1429 1274 1487 quasi
1306 1428 1528 1472 vinculum
1564 1428 1788 1485 quoddam

113 1508 322 1551 medium
367 1505 480 1548 inter
524 1505 629 1548 deos
675 1509 714 1548 et
756 1505 955 1548 homines
1002 1504 1287 1548 constitutum
1341 1508 1419 1548 est.
1469 1504 1549 1547 His
1604 1503 1790 1547 vinculis

113 1580 394 1625 daemonium
428 1580 623 1624 Socratis
649 1596 822 1638 quoque
849 1581 1232 1624 annumerandum
1261 1585 1339 1624 est.
1367 1580 1463 1624 Hac
1492 1596 1595 1623 voce
1623 1596 1669 1623 se
1697 1595 1793 1623 cum

113 1657 193 1700 deo
233 1655 513 1700 coniunctum
555 1671 651 1699 esse
684 1657 880 1713 putabat.
926 1660 1029 1697 Θεοῦ
1063 1658 1180 1709 φωνή
1213 1656 1330 1699 enirn
1364 1660 1470 1705 erat,
1505 1662 1549 1699 ut
1582 1659 1647 1699 est
1679 1655 1795 1712 apud

113 1732 225 1776 Xen.
258 1732 385 1789 Apol.
422 1732 489 1775 12.

134 1930 137 1931 ⁷
171 1883 480 1941 philosophos,
522 1883 633 1927 inter
674 1899 784 1942 quos
832 1888 872 1927 et
911 1883 1039 1928 Plato
1081 1888 1187 1932 erat,
1230 1886 1506 1928 daemonem
1532 1883 1573 1937 ¹),
1616 1883 1668 1926 de
1709 1899 1794 1941 quo

107 1975 243 2017 supra
271 1960 402 2004 locuti
429 1975 596 2009 sumus,
624 1962 944 2015 philosophice
976 1960 1254 2017 interpretari
1280 1964 1463 2003 conatos
1489 1974 1599 2009 esse,
1634 1959 1796 2002 nemini

108 2035 354 2079 mirandum
403 2051 499 2079 esse
551 2034 777 2078 videbitur.
828 2034 921 2078 Iam
963 2034 1193 2078 attulimus
1236 2035 1381 2078 locum
1426 2035 1542 2092 apud
1586 2034 1699 2077 Plut.
1744 2034 1795 2077 de

110 2110 218 2154 Gen.
263 2111 384 2154 Socr.
429 2111 499 2161 22,
545 2110 616 2154 ubi
658 2110 816 2167 legitur
858 2110 1166 2167 philosophica
1197 2110 1437 2165 disputatio
1470 2111 1521 2154 de
1554 2109 1720 2167 optima
1751 2114 1793 2152 et

109 2185 346 2242 purissima
386 2186 561 2229 animae
603 2190 738 2242 parte,
781 2200 894 2243 quae
923 2201 1257 2243 nonnumquam
1291 2201 1337 2228 se
1370 2190 1458 2228 met
1488 2185 1583 2242 ipsa
1614 2200 1793 2241 corpore

108 2261 275 2305 liberat.
324 2260 536 2304 Nonnulli
585 2276 682 2305 earn
726 2265 892 2317 partem
936 2261 1160 2318 appellant
1201 2265 1364 2311 Νοῦν,
1406 2260 1493 2310 alii,
1528 2261 1602 2318 qui
1637 2260 1793 2304 melius

109 2341 148 2380 et
190 2336 349 2380 rectius
381 2336 650 2393 intellegunt,
685 2352 825 2394 neque
858 2336 974 2380 intus
1008 2337 1082 2379 sed
1116 2336 1221 2379 foris
1255 2352 1349 2380 eam
1384 2352 1480 2380 esse
1512 2336 1794 2386 arbitrantur,

111 2415 350 2463 Δαίμονα
390 2414 769 2466 προσαγορεύουσιν.
811 2411 1082 2463 Quibuscum
1125 2411 1405 2455 conferantur
1446 2427 1557 2469 quae
1589 2411 1794 2467 leguntur

111 2487 226 2543 apud
270 2487 380 2530 plat.
423 2487 537 2530 Tim.
580 2488 637 2532 90
680 2487 740 2530 A:
773 2489 814 2528 τὸ
848 2488 890 2528 δὲ
922 2489 1009 2537 περὶ
1041 2496 1109 2528 τοῦ
1142 2490 1386 2540 κυριωτάτου
1419 2486 1506 2540 παρ’
1537 2486 1633 2539 ἡμῖν
1664 2495 1795 2539 ψυχῆς

109 2564 239 2611 εἴδους
288 2565 541 2603 διανοεῖσθαι
588 2566 653 2604 δεῖ
693 2565 798 2619 τῇδε,
843 2563 894 2611 ὡς
941 2563 1018 2614 ἄρα
1065 2564 1189 2603 αὐτὸ
1238 2565 1464 2614 δαίμονα
1513 2564 1606 2610 θεὸς
1648 2563 1795 2616 ἑκάστῳ

111 2638 268 2678 δέδωκε.
310 2637 433 2688 Quae
476 2654 575 2695 pars
619 2638 793 2683 animae
835 2625 1014 2682 maximi
1057 2638 1265 2682 momenti
1308 2653 1507 2696 quaeque
1548 2637 1699 2682 divina
1730 2643 1796 2681 est

114 2712 316 2756 daemoni
343 2728 370 2756 a
397 2713 477 2756 deo
505 2713 606 2756 dato
635 2701 919 2770 adaequatur.
949 2713 1089 2763 Quam
1118 2713 1192 2770 qui
1220 2718 1334 2756 recte
1361 2717 1403 2756 et
1429 2712 1610 2770 impigre
1639 2713 1795 2756 excolit

112 2803 209 2830 vere
253 2787 430 2831 divinus
473 2793 604 2845 atque
645 2788 802 2832 beatus
845 2788 904 2839 fit,
947 2788 1001 2832 cf.
1045 2789 1157 2831 Tim.
1202 2790 1259 2832 90
1278 2788 1326 2830 Β.
1347 2788 1392 2832 C.
1438 2788 1610 2832 Etenim
1645 2788 1796 2832 anima

159 2942 184 2983 ¹)
209 2941 254 2976 Et
278 2941 365 2976 inde
390 2954 540 2985 quoque
566 2942 735 2977 Socratis
763 2942 1003 2977 daemonium
1029 2942 1073 2976 cf.
1102 2942 1200 2977 Piut.
1226 2941 1271 2976 de
1296 2943 1407 2985 genio
1430 2943 1513 2978 Soc.
1537 2943 1585 2976 l.l.
