2019 3299
1076 190 1133 232 44

213 319 216 323 ’
259 311 480 356 adhortari
513 313 792 356 daemonium
826 314 953 370 Apol.
987 315 1040 357 31
1060 315 1111 358 D.
1145 316 1204 355 ἀεὶ
1235 316 1460 367 ἀποτρέπει,
1486 316 1694 368 προτρέπει
1720 315 1762 356 ὁὲ
1784 316 1942 356 οὔποτε.

259 387 370 430 Sunt
415 388 488 445 qui
535 389 798 433 contendant
848 389 928 433 hos
974 390 1107 441 locos,
1156 391 1227 448 qui
1273 391 1400 447 longe
1442 391 1554 435 inter
1599 406 1646 434 se
1678 391 1940 447 discrepant,

256 462 384 506 facile
426 463 537 506 inter
578 480 625 508 se
658 464 880 508 conciliari
915 481 1058 522 posse.
1094 466 1263 523 Nempe
1297 470 1458 511 tacens·
1488 469 1795 511 daemonium
1825 466 1939 510 idern

260 538 402 582 valere
448 540 562 596 quod
606 540 885 584 daemonium
928 544 1204 595 προσημαίνοι]
1235 543 1280 583 τὰ
1313 542 1384 595 μὲν
1415 548 1555 583 ποιεῖν.
1587 542 1636 586 In
1668 542 1798 600 Apol.
1832 542 1940 586 Plat.

257 615 371 657 enim
406 631 428 657 e
460 616 692 659 daemonio
724 621 894 660 tacente
928 616 1132 661 Socrates
1166 617 1417 674 intellegere
1450 617 1700 662 faciendum
1729 634 1827 662 esse
1857 617 1968 662 sibi*

257 689 297 733 id
331 691 446 747 quod
477 690 581 734 facit
609 692 677 735 vel
699 691 896 735 facturus
923 698 1002 736 est.
1024 693 1337 746 (Breitenbach
1356 693 1398 737 in
1417 683 1868 737 Edit.'Mem.Exeu1-s
1888 694 1940 748 1).

316 765 453 809 Credo
485 772 630 810 autem
666 784 741 812 eos
773 768 847 826 qui
880 769 1011 812 talem
1040 769 1317 813 concordiam
1347 769 1460 813 inter
1485 769 1727 813 sententias
1744 769 1942 814 diversas

255 842 521 886 constituere
563 844 741 901 cupiant
781 844 916 887 nimio
958 844 1221 888 conciliandi
1266 845 1411 888 studio
1443 845 1583 896 abripi
1616 860 1759 902 neque
1791 860 1941 889 verum

256 918 416 962 videre.
463 919 630 963 Tacere
673 936 759 963 non
809 920 924 964 enim
973 920 1086 964 idem
1129 926 1196 964 est
1233 921 1347 978 quod
1380 924 1680 974 προσημαίνειν.
1713 920 1796 973 Qui
1828 925 1943 965 tacet

256 992 364 1035 nihil
404 994 645 1038 denuntiat.
687 995 871 1038 Summo
915 995 1007 1039 iure
1047 996 1283 1039 contendat
1320 995 1418 1053 quis
1451 1011 1536 1039 non
1569 996 1699 1040 licere
1731 1011 1782 1039 eo
1814 996 1942 1040 modo

257 1068 390 1112 verba
435 1070 550 1126 apud
599 1069 939 1127 Xenophontem
988 1070 1281 1128 interpretari.
1330 1071 1508 1115 Accedit
1556 1077 1602 1115 ut
1649 1071 1797 1122 verba,
1829 1087 1943 1129 quae

254 1145 519 1200 praecedunt
552 1145 602 1188 de
637 1146 892 1202 vulgaribus
920 1146 1141 1191 ominibus
1165 1148 1458 1199 προτρέπεσθαι
1486 1148 1551 1187 καὶ
1575 1149 1871 1199 ἀποτρέπεσθαι
1889 1174 1940 1179 -

252 1219 412 1276 quibus
454 1220 676 1265 ominibus
708 1222 989 1266 daemonium
1029 1223 1302 1279 adaequatur
1333 1250 1382 1254 ——
1414 1239 1508 1271 nos,
1542 1223 1708 1280 opinor,
1742 1223 1798 1267 ab
1830 1223 1940 1267 eius-

255 1295 370 1339 modi
404 1297 693 1358 explicatione
727 1298 1002 1355 prohibeant.

310 1372 547 1430 Reliquum
590 1373 720 1429 igitur
762 1379 827 1418 est
862 1379 908 1418 ut
940 1379 1191 1418 statuamus
1225 1374 1397 1418 differre
1431 1374 1545 1418 iuter
1578 1390 1624 1419 se
1657 1374 1940 1419 daemonium

254 1447 450 1492 Socratis
497 1448 808 1506 Xenophontei
856 1454 897 1494 et
930 1450 1125 1494 Socratis
1158 1450 1387 1494 Platonici.
1432 1450 1573 1494 Immo
1608 1466 1710 1494 vero
1743 1449 1942 1508 suspicor

254 1524 385 1568 etiam
429 1524 769 1583 Xenophontem
812 1541 839 1570 a
870 1526 1055 1570 Platone
1087 1526 1353 1583 impugnari.
1388 1526 1560 1569 Etenim
1594 1526 1635 1569 in
1670 1525 1798 1583 Apol.
1829 1527 1879 1570 31
1907 1526 1940 1569 D

253 1600 532 1644 daemonium
582 1603 640 1642 ἀεὶ
689 1603 914 1654 ἀποτρέπει,
960 1604 1169 1655 προτρέπει
1225 1603 1266 1643 ὸὲ
1313 1604 1468 1643 οὔποτε.
1520 1602 1664 1645 Isdem
1714 1601 1942 1646 vocabulis

253 1675 389 1719 utitur
429 1676 553 1720 Plato
596 1677 757 1734 quibus
798 1676 1049 1733 Xenophon
1082 1678 1133 1722 de
1167 1677 1389 1722 ominibus
1422 1677 1679 1735 vulgaribus
1711 1693 1809 1722 cum
1844 1677 1941 1722 dae-

252 1752 399 1795 monio
432 1753 721 1808 comparatis:
756 1755 1063 1806 προτρέπεσθαι,
1093 1755 1400 1807 ἀποτρέπεσθαι.
1432 1754 1614 1798 Insolite
1641 1758 1788 1798 autern
1816 1753 1942 1798 Plato

252 1827 416 1871 addidit
462 1830 670 1882 προτρέπει
717 1830 758 1870 δὲ
808 1831 963 1870 οὔποτε.
1009 1830 1103 1873 Hoc
1152 1829 1260 1873 nihil
1293 1830 1347 1874 ad
1380 1846 1562 1874 causam
1595 1829 1799 1887 pertinet,
1832 1829 1944 1873 nihil

253 1905 307 1948 ad
348 1920 453 1948 rem.
501 1905 697 1949 insolite!
742 1905 986 1963 Emphasin
1037 1906 1153 1950 enim
1205 1906 1312 1950 illud
1356 1908 1499 1947 οὔποτε
1539 1906 1684 1952 habet.
1732 1905 1942 1950 chiastice

252 1981 470 2024 sententia
500 1982 728 2025 enuntiata
760 1987 840 2025 est.
874 1981 1045 2026 Iudices
1078 1987 1227 2026 autem
1259 1998 1345 2025 non
1380 1982 1619 2026 admodum
1652 1997 1805 2026 curare
1837 1997 1941 2025 num

254 2059 294 2099 et:
341 2057 597 2101 adhortetur
645 2061 685 2100 et
733 2058 987 2102 dehortetur
1027 2057 1133 2101 illud
1166 2057 1446 2102 daemonium
1479 2057 1626 2115 quivis
1659 2057 1788 2101 videt.
1822 2056 1942 2102 Satis

254 2131 386 2188 igitur
417 2137 509 2176 erat
542 2133 843 2177 demonstrare
875 2133 1154 2177 daemonium
1189 2149 1287 2177 esse
1325 2148 1505 2177 causam
1538 2133 1653 2190 quod
1685 2132 1731 2177 S.
1765 2133 1820 2177 ad
1851 2148 1941 2177 rem

254 2208 473 2265 publicam
516 2209 720 2253 accedere
758 2225 845 2253 non
890 2215 1051 2267 posset.
1091 2209 1195 2253 Alia
1226 2225 1340 2266 quae
1372 2208 1592 2253 interioris
1625 2208 1807 2253 notitiae
1839 2213 1943 2252 sunt

252 2298 339 2326 non
373 2288 596 2340 rogantur,
631 2300 716 2328 non
753 2285 1026 2341 rogabuntur
1065 2300 1092 2328 a
1124 2284 1356 2328 iudicibus.
1391 2283 1505 2335 Quid
1538 2284 1671 2340 igitur
1702 2288 1794 2328 erat
1826 2285 1941 2342 quod

254 2358 358 2402 illud
406 2361 465 2400 ἀεὶ
512 2361 736 2413 ἀποτρέπει,
779 2362 988 2414 προτρέπει
1035 2361 1077 2401 δὲ
1124 2361 1268 2401 οὔποτε
1311 2375 1408 2405 raon
1440 2363 1545 2404 sine
1575 2363 1887 2405 ostentatione
1917 2375 1944 2404 a

252 2434 435 2478 Platone
480 2438 633 2491 isdem
685 2438 836 2480 verbis
883 2438 1054 2493 quibus
1100 2438 1360 2491 Xenophon
1408 2452 1515 2480 usus
1553 2441 1632 2486 est,
1675 2436 1943 2480 adderetur?

255 2509 348 2552 Hoc
396 2510 544 2554 statim
593 2511 869 2564 intellegetur
915 2512 951 2555 si
999 2527 1227 2554 sumemus
1265 2512 1384 2555 hisce
1419 2511 1565 2555 verbis
1597 2511 1942 2569 Xenophontem

252 2584 424 2635 lacessi,
469 2586 812 2642 Xenophontem
861 2587 1055 2630 refutari.
1098 2587 1224 2630 Plato
1269 2602 1369 2630 eum
1402 2587 1592 2643 corrigit,
1627 2587 1696 2630 vel
1727 2586 1943 2643 corrigere

254 2677 300 2705 se
332 2666 470 2717 putat.
504 2661 551 2705 Si
580 2662 641 2705 ita
666 2662 808 2705 locuni
838 2663 1108 2719 interpretati
1136 2662 1299 2706 erimus
1325 2668 1438 2706 recte
1456 2662 1606 2706 omnia
1623 2662 1942 2719 intellegemus.

313 2736 470 2780 Melius
504 2737 678 2794 quidem
711 2753 842 2794 quam
877 2738 913 2781 si
946 2738 1211 2782 Schanzium
1244 2738 1339 2787 (Ed.
1373 2738 1501 2795 Apol.
1534 2738 1678 2782 Praef.
1706 2738 1778 2791 80)
1803 2738 1943 2781 secuti

253 2812 430 2861 erimus,
478 2812 551 2869 qui
599 2813 821 2856 contendit
869 2813 1085 2869 Apologia
1133 2813 1459 2870 Xenophontea
1502 2813 1657 2870 respici
1690 2818 1731 2856 et
1762 2812 1943 2857 refutari

254 2887 576 2943 quodammodo
620 2892 660 2929 et
703 2888 858 2944 corrigi
903 2888 1189 2931 Platonicam.
1234 2888 1347 2938 Quid
1386 2888 1501 2931 enim
1537 2887 1762 2944 impedivit
1798 2887 1943 2931 Xeno-

257 2961 466 3018 phontem
510 2962 747 3018 quominus
791 2965 986 3008 disertis
1032 2965 1186 3007 verbis
1229 2963 1270 3006 in
1310 2963 1526 3021 Apologia
1560 2979 1641 3007 sua
1671 2963 1779 3007 talia
1811 2963 1946 3020 impu-
