2019 3299
1050 163 1108 206 40

294 287 454 337 Pauca,
489 287 564 330 sed
596 302 649 330 ea
680 286 901 343 graviora,
936 302 1021 329 non
1066 286 1235 343 liquent
1268 286 1308 328 in
1342 285 1424 328 hoc
1454 285 1563 329 loco.
1598 286 1791 330 Primum
1825 286 1920 330 boc.

240 364 333 406 Vox
361 363 576 420 quaedam
608 363 809 407 sonabat.
846 363 972 406 Unde
1006 362 1127 405 venit
1159 362 1235 406 illa
1267 362 1384 405 vox‘?
1412 361 1617 406 Fortasse
1643 361 1744 405 huic
1770 377 1922 419 quaes-

236 439 456 482 tiunculae
503 439 790 495 respondetur
837 437 1047 482 adverbio
1095 439 1281 478 αὐτόθεν.
1329 436 1441 488 Quid
1488 436 1740 493 significat?
1786 437 1921 480 Estne

234 514 491 558 adverbium
539 514 622 557 loci
654 529 709 558 an
743 513 988 570 temporis?
1021 512 1157 556 Estne
1191 528 1352 556 sensus
1388 528 1466 567 „ex
1498 528 1548 556 eo
1581 512 1676 569 ipso
1707 512 1832 556 loco'’
1865 527 1920 556 an

239 589 408 645 ‚,ilico”,
455 589 698 644 „statim'’‘?
740 589 789 632 In
832 589 966 633 dubio
999 604 1113 633 sum.
1148 588 1329 632 Maximi
1362 592 1507 631 autem
1541 587 1750 631 momenti
1781 592 1847 631 est
1877 587 1920 630 in

236 667 317 710 hoc
361 667 456 710 loco
503 665 830 723 interpretando
880 680 1029 708 verum
1079 664 1320 721 explorare.
1367 663 1541 707 Etenim
1583 663 1619 707 si
1666 663 1921 707 adverbium

236 741 319 785 loci
346 747 411 785 est
440 743 629 793 αὐτόθεν,
654 741 736 784 hoc
764 741 862 784 loco
890 740 1218 784 demonstratur
1238 755 1387 783 vocem
1414 739 1532 783 illam
1552 738 1745 783 divinam
1764 754 1850 782 non
1872 765 1922 771 —

236 817 384 875 utique
419 833 505 861 non
540 831 712 873 semper
746 843 796 847 —
831 832 853 859 e
886 819 1060 873 pectore
1093 830 1266 863 sonare,
1302 830 1443 872 neque
1476 830 1498 858 e
1526 814 1719 858 Socratis
1746 829 1926 872 corpore

234 893 309 936 sed
342 893 531 943 aliunde,
561 896 698 949 foris,
728 907 825 936 eam
858 891 1014 935 audiri.
1042 892 1220 935 Praeter
1247 891 1363 934 hunc
1389 890 1548 942 locum,
1576 894 1790 947 quantum
1817 890 1922 934 scio*

236 968 472 1025 scriptores
505 984 585 1012 nos
618 967 840 1011 deficiunt.
874 967 1031 1024 Neque
1063 967 1105 1010 in
1140 966 1451 1024 Xenophontis
1484 981 1624 1023 neque
1657 966 1699 1009 in
1726 965 1925 1010 Platonis

235 1043 409 1100 scriptis
442 1048 560 1087 extat
587 1043 702 1087 alius
730 1043 854 1086 locus
879 1058 901 1086 e
929 1058 1016 1101 quo
1044 1042 1185 1086 elucet
1204 1043 1320 1085 unde
1339 1042 1413 1085 illa
1431 1057 1515 1084 vox
1532 1041 1740 1085 sonuerit.
1759 1041 1926 1093 Quodsi

235 1118 334 1176 quis
365 1120 470 1163 talia
503 1120 622 1174 (nam
656 1119 912 1176 posterioris
945 1118 1186 1176 scriptoris)
1220 1134 1304 1162 non
1334 1118 1588 1164 contemnit.
1613 1117 1730 1174 apud
1757 1117 1926 1161 Plutar·
1983 1139 1993 1153 ι

235 1195 364 1239 chum
398 1195 425 1239 l.
443 1195 470 1239 l.
498 1195 659 1239 indicia
687 1194 875 1239 fortasse
892 1194 1178 1238 inveniuntur
1196 1194 1301 1237 foris
1320 1194 1438 1238 illam
1458 1209 1608 1237 vocem
1627 1193 1844 1237 sonuisse.
1861 1192 1927 1236 Ibi

235 1271 365 1321 enim,
399 1272 468 1321 ΞΟ,
504 1271 547 1314 in
581 1258 888 1328 disputatione
921 1270 972 1314 de
1006 1269 1240 1314 daemonio
1273 1269 1435 1326 legitur
1467 1272 1591 1318 οὕτως
1625 1271 1699 1310 οὐκ
1731 1270 1795 1321 ἅτ,
1820 1266 1932 1321 οἶμαι

234 1349 476 1396 δυσπείστως
507 1348 661 1400 ἔχοιμεν
694 1347 774 1387 ὑπὸ
807 1355 881 1387 νοῦ
913 1349 1133 1399 κρείττονος
1164 1354 1265 1387 νοῦν
1297 1346 1363 1386 καὶ
1394 1353 1526 1398 ψυχῆς
1558 1346 1762 1396 θειοτέρας
1788 1345 1924 1397 ψυχὴν

234 1422 284 1462 ἂν
316 1423 484 1476 ἄγεσθαι
516 1425 760 1477 θύραθεν
793 1423 1071 1475 ἐφαπτομένης
1103 1440 1136 1463 κ.
1164 1440 1193 1463 τ.
1219 1428 1250 1463 λ.
1284 1421 1333 1465 In
1367 1422 1516 1465 eodem
1549 1421 1674 1471 libro,
1705 1420 1791 1465 alio
1812 1420 1923 1470 loco,

234 1497 304 1548 22,
339 1497 412 1541 ubi
444 1498 664 1542 affirmant
696 1497 883 1548 animas,
917 1513 1029 1555 quae
1063 1513 1108 1542 se
1142 1498 1184 1541 in
1213 1513 1396 1555 corpora
1422 1497 1673 1554 demergere
1704 1496 1925 1554 putandae

234 1578 350 1623 sunt,
384 1589 716 1632 nonnumquam
749 1574 864 1632 apud
893 1574 1131 1618 nonnullos
1160 1574 1375 1621 homines,
1395 1589 1583 1631 quorum
1602 1576 1772 1616 mentes
1789 1586 1924 1629 purae

235 1654 339 1692 sunt
385 1650 698 1708 seiunctaeque
744 1665 878 1708 quam
926 1645 1116 1694 maxime
1163 1666 1190 1694 a
1236 1650 1505 1708 corporibus,
1539 1664 1718 1706 corpore
1753 1648 1924 1691 deserto

236 1740 468 1781 emergere,
508 1726 616 1770 haec
650 1725 877 1782 leguntur:
909 1728 951 1766 τὸ
983 1726 1053 1778 μὲν
1086 1722 1160 1767 οὖν
1192 1727 1439 1779 ὑποβρύχιον
1477 1726 1519 1766 ἐν
1550 1733 1600 1781 τῷ
1629 1727 1777 1777 σώματι
1807 1725 1926 1776 φερό-

234 1802 357 1852 μένον
404 1803 512 1855 ψυχὴ
559 1803 721 1855 λέγεται·
769 1803 811 1843 τὸ
854 1802 896 1843 δὲ
937 1807 1099 1854 φθορᾶς
1131 1802 1314 1853 λειφθὲν,
1345 1803 1383 1842 οἳ
1413 1802 1550 1842 πολλοὶ
1583 1809 1683 1842 νοῦν
1714 1805 1927 1848 καλοῦντες

235 1876 343 1925 ἐντὸς
389 1874 491 1917 εἶναι
536 1879 768 1929 νομίζουσιν
815 1879 961 1930 αὐτῶν,
1007 1879 1137 1930 ὥσπερ
1185 1878 1226 1918 ἐν
1269 1882 1349 1926 τοῖς
1387 1877 1591 1929 ἐσόπτροις
1623 1877 1669 1916 τὰ
1700 1877 1926 1928 φαινόμενα

234 1950 312 1992 κατ’
344 1952 594 2006 ἀνταύγειαν·
623 1956 663 1994 οἱ
688 1953 730 1994 δὲ
758 1953 890 2007 ὀρθῶς
919 1955 1202 2006 ὑπονοοῦντες,
1229 1955 1293 1995 ὡσ
1326 1955 1471 2002 ἐκτὸς
1509 1954 1655 2006 ὄντα,
1687 1954 1925 2005 Δαίμονα

235 2031 749 2082 προσαγορεύουσιν.

294 2102 475 2154 Quodsi,
509 2120 531 2148 e
564 2104 795 2155 contrario,
829 2107 1005 2146 αὐτόθεν
1039 2104 1080 2148 id
1115 2104 1232 2148 valet
1264 2105 1379 2162 quod
1419 2104 1582 2153 statim,
1615 2103 1729 2154 ilico,
1763 2103 1925 2153 nullus,

235 2179 351 2236 quod
399 2180 549 2231 sciam,
597 2180 720 2224 locus
767 2180 930 2225 indicat
978 2181 1092 2225 unde
1140 2181 1222 2225 illa
1266 2196 1348 2224 vox
1391 2180 1542 2224 divina
1573 2180 1778 2224 audiatur
1811 2183 1851 2223 et
1883 2178 1924 2222 in

239 2255 371 2300 meris
402 2256 594 2300 tenebris
625 2257 768 2301 denuo
804 2272 1030 2301 versamur
1054 2257 1095 2310 ¹).

296 2406 394 2450 Nisi
424 2406 535 2450 forte
567 2408 788 2451 sententia
819 2407 895 2451 illa
926 2409 1120 2460 μαντικόν
1152 2408 1194 2461 γέ
1225 2424 1258 2447 τι
1293 2407 1359 2447 καὶ
1390 2406 1414 2459 ἡ
1442 2408 1553 2459 ψυχή
1585 2406 1670 2449 huc
1702 2405 1826 2450 facit!

298 2481 534 2532 Quaeritur
564 2482 694 2539 igitur
725 2483 945 2541 quomodo
979 2482 1091 2526 inter
1123 2498 1169 2526 se
1202 2482 1465 2525 cohaereant
1497 2483 1538 2522 τὸ
1572 2483 1782 2534 δαιμόνιον
1815 2484 1857 2524 et
1886 2481 1928 2521 τὸ

236 2561 426 2607 μαντικὸν
473 2566 540 2611 τῆς
588 2567 729 2611 ψυχῆς.
780 2558 878 2609 Qua
921 2559 963 2601 in
1008 2557 1309 2601 controversia
1345 2558 1427 2601 hoc
1460 2556 1608 2614 utique
1640 2561 1741 2600 ante
1777 2555 1928 2599 oculos

241 2632 475 2675 tenendum
520 2649 616 2676 esse
659 2634 829 2677 videtur
871 2650 930 2677 sc.
972 2638 1065 2677 arte
1105 2633 1414 2689 coniungenda
1456 2648 1552 2676 esse
1596 2632 1730 2675 verba
1771 2633 1847 2683 εἰμὶ
1880 2634 1928 2682 ὀὴ

238 2705 311 2747 οὖν
343 2724 483 2758 „nautio
516 2727 546 2748 κ.
567 2728 582 2748 τ
614 2716 643 2749 λ.
679 2725 777 2753 cum
815 2710 958 2753 verbis
992 2709 1369 2767 praecedentibus.
1403 2709 1516 2753 Sunt
1548 2708 1663 2752 enim
1697 2706 1930 2765 explicatio

285 2833 307 2874 ¹)
337 2831 481 2866 Dixerit
506 2831 656 2874 aliquis,
680 2831 711 2866 si
737 2831 958 2866 adverbium
985 2831 1166 2875 temporis
1191 2832 1303 2870 esset,
1329 2830 1525 2865 Platonem
1549 2829 1660 2864 aliter
1680 2829 1793 2864 verba
1817 2841 1932 2863 enun-

239 2892 420 2929 tiaturum
447 2892 575 2931 fuisse.
600 2905 733 2936 nempe
761 2897 898 2925 αὐτόθεν
923 2895 1011 2928 ἔδοξα
1037 2898 1137 2924 κ.τ.λ.
1172 2891 1251 2926 Hoc
1278 2893 1403 2925 autem
1432 2890 1584 2926 levioris
1608 2890 1785 2925 momenti
1809 2901 1930 2934 neque

245 2955 397 2987 certum.
