2019 3299
920 205 998 247 151

115 337 318 376 satorem.
360 330 530 387 Copula
569 334 804 386 praeterea,
838 344 926 385 qua
962 328 1089 384 Apol.
1122 326 1234 370 Xen.·
1269 325 1441 383 incipit:
1474 326 1714 377 Σωκράτους
1747 324 1796 363 δὲ

115 409 227 457 ἄξιόν
258 424 322 457 μοι
355 410 468 447 δοκεῖ
492 423 513 446 n
542 411 634 456 τ.λ..,
659 420 770 453 eam,
803 404 973 460 opinor,
1008 418 1092 445 non
1127 402 1350 457 coniungit
1383 416 1478 444 cum
1519 399 1618 442 aliis
1650 399 1796 441 Xeno-

117 481 294 539 phontis
326 480 497 537 scriptis
530 479 764 523 Socraticis
796 478 938 521 {Menr
973 483 1106 534 puta),
1139 478 1214 520 sed
1248 492 1345 519 cum
1380 475 1433 518 iis
1465 490 1577 531 quae
1610 474 1665 517 ab
1698 473 1797 517 aliis

115 556 399 613 scriptoribus
427 554 588 611 publici
616 554 722 596 iuris
750 554 848 596 iam*
866 553 981 596 facta
1008 557 1145 595 erant.
1174 552 1251 594 Est
1270 551 1383 594 enim
1403 552 1793 604 supplementum.

117 633 232 675 Ante
278 629 582 673 Memorabilia
628 644 725 671 eaui
771 628 978 684 scriptam
1023 642 1133 676 esse,
1168 626 1316 682 utique
1349 629 1450 668 ante
1484 624 1612 666 Mem.
1646 623 1721 666 IV.
1756 624 1796 666 8.

117 707 256 756 credo,
290 706 476 748 fortasse
509 704 640 760 paulo
673 708 774 746 ante
807 703 907 746 394.

224 959 248 1005 ξ
275 960 310 994 2.
366 959 431 994 ΒΕ
457 957 705 1001 PLATONE,
735 955 1024 994 SCRIPTORE
1056 955 1118 991 ΕΤ
1148 952 1480 990 PHILOSOPHO
1512 951 1695 995 DOCTO,

493 1042 763 1086 LITERATO,
794 1041 1094 1085 IMITATORE,
1123 1038 1422 1077 PLAGIARlO.

178 1227 214 1270 O
260 1225 431 1270 facinus
476 1225 725 1282 indignum!
774 1225 810 1268 O
857 1223 1110 1268 audaciam!
1157 1222 1192 1265 O
1227 1221 1495 1278 impietatem
1532 1218 1798 1262 inauditam!

53 1290 59 1294 s
118 1302 361 1358 Principem
394 1301 754 1358 philosophorum
789 1316 866 1356 pro
900 1299 1115 1342 imitatore
1150 1303 1189 1342 et
1224 1297 1436 1354 plagiario
1469 1295 1654 1338 habere!

176 1377 304 1421 Talia
348 1376 644 1420 exclamantes
684 1381 815 1432 alque
861 1374 1153 1417 vociferantes
1191 1372 1297 1415 mibi
1332 1372 1480 1414 videor
1512 1370 1663 1413 audire
1697 1383 1802 1411 non-

118 1453 262 1496 nullos
307 1455 619 1504 φιλοπὶάτωνας.
658 1451 860 1494 Libenter
892 1450 1019 1494 credo
1053 1465 1127 1492 eos
1160 1453 1312 1506 putare
1344 1448 1512 1490 laesam
1546 1461 1641 1488 esse
1674 1460 1699 1488 a
1733 1459 1800 1486 me

116 1529 323 1585 pietatem
369 1543 474 1584 erga
519 1542 741 1572 summum
779 1526 1048 1582 scriptorem,
1083 1540 1169 1582 quo
1204 1539 1345 1580 neque
1377 1538 1456 1579 ego
1490 1520 1800 1577 elegantiorem

116 1604 400 1647 tersioremve
446 1617 712 1660 quemquam
761 1601 877 1651 novi,
920 1606 960 1644 et
1001 1600 1131 1644 laudo
1164 1599 1279 1657 quod
1312 1597 1512 1641 imminui
1545 1596 1800 1653 dignitatem

118 1680 287 1729 nolunt,
336 1694 475 1736 neque
524 1678 749 1735 patiuntur
789 1676 1024 1734 quicquam
1057 1675 1226 1719 detrahi
1258 1675 1309 1717 de
1341 1674 1480 1730 gloria
1512 1673 1621 1721 eius,
1656 1687 1798 1729 quem.

118 1754 359 1797 secundum
392 1753 660 1802 Ciceronem,
696 1751 823 1809 quasi
855 1751 1072 1808 quendam
1101 1751 1229 1793 deum
1257 1748 1538 1806 philosopho]
1551 1763 1623 1791 um
1653 1747 1803 1790 audire

118 1829 327 1873 debemus
353 1829 393 1881 ¹).

176 1905 268 1961 Ego
311 1904 399 1947 scio
433 1919 595 1960 magna
629 1902 804 1959 ingenia
835 1917 966 1959 saepe
1000 1901 1172 1945 eminus
1205 1899 1525 1943 formosissime
1558 1898 1800 1955 splendere,

117 1980 362 2023 comminus
394 1979 517 2022 illum
551 1978 826 2035 splendorem
862 1982 902 2020 et
935 1977 1125 2034 speciem
1153 1975 1351 2019 nonnihil
1377 1973 1614 2018 obscurari.
1645 1972 1801 2016 Procul

117 2055 454 2111 contemplanda
485 2069 583 2097 esse
616 2067 948 2109 nonnumquam
985 2067 1148 2107 magna
1179 2052 1254 2095 illa
1281 2050 1480 2106 ingenia;
1508 2049 1581 2106 qui
1600 2048 1801 2105 proprius

118 2131 298 2179 accedit,
346 2146 397 2174 ex
447 2129 689 2187 propinquo
725 2128 963 2185 cognoscit,
996 2127 1077 2171 etsi
1107 2125 1410 2170 admirationis
1443 2124 1552 2168 satis
1584 2140 1801 2181 superque

117 2205 376 2263 relinquitur
417 2210 546 2262 atque
590 2208 737 2247 manet
773 2230 823 2235 —-
858 2218 1118 2260 semperque
1161 2216 1418 2245 mansurum
1457 2206 1521 2243 est
1557 2227 1622 2253 —,
1657 2205 1799 2242 tamen

116 2281 315 2324 nonnihil
361 2280 489 2324 aliter
533 2280 694 2323 sentire
741 2278 906 2335 incipit.
954 2278 1109 2334 Neque
1153 2292 1255 2333 ergo
1298 2276 1489 2319 mirabor
1521 2275 1802 2330 aliquatenus

117 2356 160 2399 in
204 2356 385 2399 Platone
431 2371 604 2412 quoque
651 2354 927 2411 comprobari
976 2352 1254 2409 proverbium
1304 2351 1485 2395 fallaces
1529 2366 1660 2406 saepe
1705 2365 1802 2392 esse

69 2428 73 2432 ’
117 2447 261 2475 rerum
303 2431 484 2488 species.
528 2430 622 2473 Hoc
663 2435 810 2473 autem
848 2444 976 2485 aegre
1010 2430 1148 2471 fertur
1180 2426 1520 2483 difficillimeque
1552 2426 1803 2469 conceditur

118 2522 144 2551 a
192 2506 412 2549 nonnullis
461 2505 564 2549 viris
612 2504 763 2553 doctis,
812 2519 923 2561 quos
970 2519 1092 2547 amor
1134 2507 1265 2559 atque
1299 2501 1491 2545 studium
1526 2517 1679 2544 caecos
1713 2501 1801 2544 fere

116 2582 266 2629 reddit,
313 2582 374 2625 ita
422 2587 466 2624 ut
511 2596 613 2624 vera
654 2596 680 2624 a
712 2580 838 2624 falsis
871 2579 1108 2622 diiudicare
1143 2578 1470 2635 prohibeantur.
1505 2577 1669 2628 Quodsi
1703 2576 1801 2633 quis

117 2658 387 2701 demonstrat
434 2657 488 2706 id,
536 2656 652 2713 quod
694 2661 920 2712 tantopere
964 2654 1190 2703 amabant,
1222 2669 1394 2710 quoque
1429 2653 1535 2696 nibil
1569 2652 1801 2709 perfectius

119 2732 299 2789 cogitari
331 2747 461 2789 posse
493 2732 832 2776 arbitrabantur.
866 2745 953 2773 non
988 2729 1082 2772 sine
1115 2728 1298 2771 maculis
1332 2744 1443 2777 esse,
1478 2743 1564 2770 non
1597 2728 1801 2770 omnibus

120 2807 312 2851 numeris
342 2822 438 2850 esse
471 2807 737 2856 absolutum,
772 2820 860 2848 non
892 2809 1068 2848 centum
1101 2803 1351 2846 centesimis
1379 2819 1476 2846 esse
1496 2819 1651 2859 purum
1671 2807 1801 2859 atque

169 2971 193 3013 ¹)
220 2970 292 3004 Cic.
318 2969 363 3004 de
389 2969 431 3003 D.
456 2968 500 3003 N.
524 2969 556 3003 2.
582 2968 633 3002 12.
