2019 3299
1068 169 1096 214 4

217 309 319 333 ’που
352 300 481 344 τοῦτο,
513 293 592 333 ὅτε
639 293 702 344 μὴ
750 291 1026 345 ὀργίζοιτο,
1074 294 1152 333 ὅτε
1185 292 1237 333 δὲ
1278 295 1534 346 φλεχθείη
1575 294 1673 333 ὑπὸ
1715 301 1802 334 τοῦ
1833 295 1919 333 πά-

238 373 364 415 θους
406 369 598 408 τούτου
632 368 814 418 δεινὴν
847 364 987 406 εἶναι
1019 368 1110 418 τὴν
1144 368 1535 420 ἀσχημοσύνην·
1568 368 1794 415 οὐθενὸς
1826 369 1919 421 γὰρ

238 442 350 482 οὔτε
384 442 639 493 ὀνόματος
671 442 1001 493 ἀποσχέσθαι,
1033 442 1148 482 οὔτε
1180 445 1490 495 πράγματος.
1524 441 1579 485 cf.
1613 442 1918 486 Theoderelus

237 518 290 561 ad
324 517 518 562 Graecos
552 517 751 561 infideles
784 517 885 562 XII.
921 518 1018 561 174.

294 593 418 644 Quae
466 609 636 637 morum
684 593 917 650 descriptio
960 593 1119 650 partim
1162 594 1384 637 laudando
1429 594 1583 650 partim
1629 594 1918 653 vituperando

236 669 483 713 calumniae
526 668 687 712 indicia
730 684 815 711 non
850 669 995 718 habet,
1028 668 1127 712 licet
1160 668 1437 719 Plutarchus,
1470 670 1521 712 de
1555 669 1765 714 Herodoti
1798 671 1920 715 mali-

234 744 401 801 gnitate
442 746 528 789 856
565 745 612 793 C,
641 745 953 802 philosophum
987 750 1183 788 nostrum
1218 745 1449 789 defendere
1482 750 1521 789 et
1555 746 1667 790 hanc
1699 747 1918 790 maculam

234 820 378 864 delere
410 825 614 864 conetur:
648 820 812 874 ‚JEyybc
847 820 888 860 δὲ
920 823 1070 861 τούτων
1103 822 1202 861 εἰσὶν
1235 823 1275 861 οἱ
1303 827 1382 870 τοῖς
1414 824 1556 875 ψόγοις
1588 823 1782 863 έπαίνουσ
1813 823 1921 870 τινὰς

233 897 534 951 παρατιθέντες,
589 897 640 945 ὡς
696 897 761 937 ἐπὶ
817 898 1059 948 Σωκράτους
1123 898 1398 948 Ἀριστόξενος,
1453 897 1738 938 ἀπαιδευτο
1754 914 1787 948 ν,
1833 911 1918 952 καὶ

234 972 426 1024 ἀμαθῆ,
457 973 541 1012 καὶ
572 972 863 1013 ἀκόλαστον
896 973 1019 1012 εἰπὼν
1051 973 1281 1024 ἐπήνεγκεν·
1314 973 1449 1013 ἀδικία
1482 973 1524 1012 δὲ
1557 974 1604 1013 οὐ
1635 981 1800 1025 προσῆν.

292 1046 414 1098 Quae
457 1047 592 1091 verba
634 1047 789 1091 ultima
821 1052 862 1090 et
894 1047 1009 1104 apud
1044 1046 1191 1104 Cyrill.
1225 1048 1349 1091 Alex.
1383 1052 1424 1090 et
1456 1047 1783 1092 Theodoretum
1817 1047 1916 1105 Cyr.

233 1122 291 1166 l.l.
325 1122 545 1179 leguntur.

293 1197 529 1241 Praeterea
560 1198 670 1242 haec
702 1199 816 1255 apud
850 1198 1020 1242 Theod.
1056 1198 1154 1255 Cyr.
1189 1197 1289 1242 XII.
1327 1199 1432 1243 174:

290 1275 356 1314 καὶ
396 1273 416 1314 ὃ
461 1277 696 1328 Πορφύριος
729 1275 771 1314 δὲ
804 1275 875 1326 τὴν
907 1276 1143 1325 φιλόσοφων
1175 1276 1352 1327 ἱστορίαν
1385 1276 1630 1328 ξυγγράψας,
1660 1283 1818 1327 πρῶτον
1851 1274 1921 1325 μὲν

231 1350 354 1390 αὐτὸν
401 1350 693 1402 ἀκρόχολον
738 1351 804 1390 καὶ
858 1351 1146 1403 εὐόργητον
1193 1352 1322 1402 εἴρηκε
1368 1355 1622 1404 γεγενῆσθαι,
1668 1351 1917 1408 Ἀριστοξένῳ

229 1427 397 1478 μάρτυρι
442 1426 681 1478 κεχρημένος
726 1426 794 1465 τὸν
842 1427 1083 1478 Σωκράτους
1130 1428 1220 1478 βίον
1266 1428 1569 1479 ξυγγεγραφότι,
1613 1425 1743 1482 paulo
1792 1430 1915 1483 post:

230 1499 331 1541 εἶναι
374 1500 416 1541 δὲ
459 1515 584 1553 φησιν
626 1502 749 1542 αὐτὸν
791 1502 833 1541 ἐν
867 1506 952 1540 ταῐσ
984 1501 1152 1552 ὁμίλίαις
1185 1502 1332 1549 αἰνῶς
1386 1518 1432 1541 τε
1474 1503 1914 1554 φιλαπεχθήμονα

229 1578 314 1617 καὶ
360 1578 611 1627 λοίδορον
656 1577 740 1616 καὶ
787 1577 1117 1629 ὑβριστικόν,
1162 1576 1278 1633 quod
1327 1575 1539 1620 affirmari
1588 1576 1759 1620 videtur
1800 1576 1914 1620 dicto

230 1652 304 1695 illo
338 1651 583 1695 Alcibiadis
617 1651 734 1709 apud
769 1651 998 1695 Platonem
1032 1651 1185 1708 Symp.
1219 1652 1305 1695 215
1339 1653 1582 1703 ὑβριστὴς
1614 1650 1727 1707 εἶἸ).

288 1727 563 1771 Postremum
605 1727 720 1784 apud
754 1727 992 1783 Synesium
1027 1726 1125 1784 Cyr.
1159 1726 1304 1785 Episc.
1336 1727 1596 1771 Encomium
1630 1727 1805 1771 Calvitii
1836 1728 1911 1771 81:

227 1804 313 1844 ἐπεί
337 1821 396 1844 τοι
422 1804 489 1844 καὶ
513 1805 733 1856 Σωκράτην
760 1804 861 1845 αὐτὰ
886 1806 1009 1844 ταῦτά
1036 1817 1162 1856 φησιν
1190 1806 1462 1855 Ἀριστόξενος,
1487 1804 1539 1852 ὡς
1571 1806 1724 1855 φύσει
1756 1806 1913 1857 γεγόνοι

226 1882 418 1933 τραχὺς
448 1881 519 1928 εἰς
553 1879 724 1934 ὀργὴν,
755 1880 821 1920 καὶ
853 1879 969 1920 ὁπότε
1000 1881 1220 1933 κρατηθείη
1254 1888 1304 1935 τῷ
1337 1881 1461 1920 πάθει
1493 1880 1560 1920 διὰ
1590 1882 1720 1933 πάσης
1741 1880 1912 1933 ἀσχημο-

226 1958 351 2009 σύνης
382 1957 574 2009 έβάὸιζεν.

285 2030 408 2082 Quae
450 2030 600 2074 omnia
636 2030 795 2074 indicio
828 2036 930 2074 sunt
963 2030 1205 2074 urbanitati
1237 2030 1451 2074 Platonici
1484 2030 1681 2074 Socratis
1713 2030 1913 2074 nonnihil

226 2123 324 2151 esse
366 2107 684 2151 detrahendum
730 2112 770 2149 et
803 2122 884 2150 nos
916 2106 1057 2163 magis
1088 2106 1313 2150 adducunt
1346 2110 1391 2149 ut
1419 2106 1650 2150 credamus
1683 2106 1911 2150 Socratem

225 2183 290 2226 ira
330 2187 598 2226 commotum
642 2181 921 2226 mordacibus
965 2180 1109 2225 verbis
1151 2181 1431 2225 vehementer
1462 2181 1504 2224 in
1538 2181 1817 2226 adversarios
1848 2182 1909 2225 in-

227 2263 397 2302 vectum
431 2274 529 2302 esse
563 2273 703 2315 neque
735 2273 908 2315 semper
936 2258 1091 2301 decoro
1124 2262 1164 2301 et
1197 2257 1399 2313 dignitati
1431 2256 1722 2300 consuluisse.

223 2456 248 2503 ξ
279 2458 314 2492 2.
361 2456 423 2492 DE
446 2455 696 2492 SOCRATIS
722 2455 859 2492 APUD
888 2455 1301 2492 ARISTOPHANEM
1326 2455 1594 2499 SUPERBIA,
1621 2453 1907 2492 IACTANTIA

780 2525 1009 2569 DURITIA,
1040 2525 1341 2561 IRACUNDIA.

284 2642 447 2685 Deinde
479 2643 825 2698 Aristophanes
857 2642 984 2684 nobis
1016 2641 1354 2698 antiquissimus
1388 2646 1453 2684 est
1482 2641 1580 2684 fons
1599 2657 1650 2685 ex
1678 2656 1763 2698 quo
1781 2656 1906 2697 argu-

224 2723 384 2767 menta,
409 2717 676 2767 testimonia,
704 2717 863 2760 indicia
890 2716 1076 2774 petenda
1103 2721 1205 2759 sunt
1232 2717 1392 2774 quibus
1411 2717 1736 2760 demonstratur
1753 2716 1905 2760 Socra-

269 2839 291 2882 1)
316 2838 371 2873 Cf.
394 2838 522 2882 Symp.
545 2839 611 2873 ‘219
635 2839 673 2873 C.
699 2844 772 2878 ἐμοῦ
796 2840 884 2872 oſtro:
909 2846 1054 2870 τοσοῦτον
1079 2841 1269 2881 περιεγένετο
1296 2853 1325 2870 τε
1350 2843 1399 2870 καὶ
1422 2841 1631 2880 κατεφρόιησε
1652 2842 1700 2870 καὶ
1723 2841 1905 2877 κατεγέλασε

222 2903 270 2931 καὶ
297 2903 413 2942 ὕβρισε.

266 2959 356 2992 Item
383 2958 477 2993 Plat.
503 2958 579 2992 Alc.
605 2958 630 2992 Ι.
656 2959 719 2992 114
748 2959 800 3001 D„
825 2959 927 2993 alibi.
