2019 3299
1104 188 1161 230 50

288 312 442 366 ἐμαυτῷ
469 336 519 339 --
552 312 615 349 καὶ
643 316 722 357 τοῖς
749 313 880 360 φίλοις
907 335 953 338 -
980 326 1065 352 non
1097 314 1242 353 autem
1272 310 1370 353 aliis
1400 309 1666 352 hominibus.
1699 309 1822 360 Quae
1849 309 1976 353 inter-

291 386 487 443 pretatio,
521 386 602 428 etsi
636 385 763 428 nobis
796 385 943 428 ieiuna
977 401 1064 428 non
1098 385 1281 437 videtur,
1315 391 1459 428 tamen
1494 385 1667 440 probari
1701 400 1786 428 non
1820 390 1976 440 potest.

347 461 393 504 Si
427 478 448 503 e
481 461 700 503 contrario
734 461 858 503 Plato
887 461 927 503 in
959 460 1057 503 aliis
1087 460 1260 516 scriptis
1287 461 1468 503 eandem
1498 476 1640 503 rerum
1660 460 1975 517 expositionem

289 552 374 579 non
409 537 644 593 observare
679 536 906 581 videbitur.
942 535 1254 578 arbitrabimur
1287 551 1384 578 eum
1418 535 1559 579 denuo
1593 536 1719 579 nobis
1750 551 1978 592 argumen-

290 616 378 654 tum
428 612 583 655 offerre
634 611 957 654 inconstantiae
1001 626 1121 653 suae.
1168 610 1275 653 Cum
1309 598 1458 654 autem
1492 611 1619 665 plura
1652 611 1705 654 ad
1739 611 1853 654 hanc
1886 626 1974 654 rem

291 687 548 744 pertineant,
610 702 742 743 quam
793 686 1124 729 accuratissime
1174 692 1339 742 potero,
1390 690 1524 728 totam
1574 686 1878 742 quaestionem
1927 686 1980 729 de

289 762 522 805 daemonio
566 767 853 818 repugnante.
904 762 1129 811 incitante,
1180 762 1220 804 in
1267 761 1522 804 universum
1553 760 1779 804 Socratem
1815 767 1851 804 et
1887 761 1980 804 eius

289 838 456 880 amicos
489 838 742 886 adiuvante,
777 838 1005 894 explorare
1033 845 1072 880 et
1106 837 1309 893 expedire
1340 837 1579 892 temptabo.

349 914 543 956 Primum
593 914 673 956 lloc
721 913 1025 956 statuendum:
1071 913 1112 954 in
1157 911 1504 955 adulescentulis
1546 912 1831 955 admittendis
1872 912 1978 955 ami·

290 1004 455 1038 corum,
502 989 567 1032 vel
602 989 836 1037 sociorum,
873 988 939 1030 vel
975 1015 1024 1018 —
1061 988 1116 1030 sit
1152 987 1281 1030 venia
1314 987 1469 1029 verbo!
1509 1014 1557 1017 —
1595 987 1906 1044 discipulorum
1934 987 1976 1030 in

291 1080 537 1113 numerum,
587 1081 660 1121 per
712 1064 1009 1112 daemonium,
1060 1064 1084 1106 i.
1119 1080 1154 1106 e.
1200 1079 1274 1119 per
1317 1064 1460 1111 deum,
1494 1063 1670 1106 stetisse
1703 1069 1847 1106 utrum
1881 1078 1979 1106 cum

291 1141 344 1184 iis
377 1141 615 1184 amicitiam
651 1140 937 1196 coniungeret
970 1155 1118 1183 necne.
1154 1139 1207 1182 Et
1240 1139 1490 1195 Xenophon
1524 1144 1565 1182 et
1598 1139 1723 1182 Plato
1756 1139 1888 1182 huius
1919 1140 1979 1182 rei

292 1217 418 1259 nobis
459 1221 661 1260 auctores
703 1221 806 1259 sunt
847 1216 992 1259 idonei
1035 1222 1075 1259 et
1118 1216 1456 1259 consentientes.
1496 1216 1738 1259 Daemonio
1771 1215 1885 1259 enim
1918 1231 1980 1259 re-

291 1297 515 1349 pugnante
558 1307 892 1348 nonnumquam
937 1291 1119 1334 iuvenes
1162 1291 1300 1334 arceri
1335 1291 1551 1347 significat
1590 1296 1631 1334 et
1664 1291 1826 1334 indicat
1856 1291 1980 1335 locus

291 1369 333 1411 in
364 1368 493 1411 Mem.
524 1367 576 1410 II.
605 1369 645 1411 6.
677 1369 704 1410 S
731 1368 776 1413 l):
814 1373 980 1417 Πρῶτον
1014 1368 1099 1419 μὲν,
1130 1369 1222 1418 ἔφη,
1252 1370 1297 1406 τὰ
1330 1368 1437 1418 παρὰ
1471 1376 1547 1406 τῶν
1579 1373 1687 1407 θεῶν
1716 1368 1983 1417 ἐπισκεπτέον,

292 1448 326 1487 εἰ
366 1448 712 1498 συμβουλεύουσιν
757 1446 880 1485 αὐτὸν
922 1447 1040 1495 φίλον
1084 1450 1299 1484 ποιεῖσθαι.
1338 1446 1385 1483 Τί
1414 1441 1502 1495 οὖν,
1533 1445 1625 1496 ἔφη,
1655 1443 1701 1484 ὃν
1733 1443 1784 1483 ἂν
1817 1442 1913 1494 ἡμῖν
1944 1459 1982 1483 τε

292 1524 389 1577 δοκῇ
431 1522 496 1560 καὶ
538 1522 580 1560 οἱ
617 1521 706 1560 θεοὶ
750 1521 802 1572 μὴ
849 1521 1119 1571 ἐναντιῶνται,
1161 1521 1256 1571 ἔχεις
1300 1521 1425 1559 εἰπεῖν
1469 1520 1576 1567 ὅπως
1619 1516 1734 1567 οὗτος
1766 1519 1983 1570 &noaz-{093

292 1596 438 1639 Verba
494 1597 782 1636 ἐναντιοῦσθαι
835 1599 876 1638 et
925 1598 1216 1647 συμβουλεύειν
1266 1609 1379 1649 quae
1427 1594 1603 1651 propria
1650 1594 1752 1637 s‘unt
1799 1593 1866 1637 dei
1916 1592 1984 1637 vel

289 1671 510 1714 daemonii
539 1673 577 1714 vi
605 1687 688 1715 sua
716 1671 1027 1714 intercedentis
1056 1687 1230 1714 omnem
1261 1671 1577 1715 dubitationem
1608 1670 1813 1714 auferunt
1836 1674 1981 1713 utrum

291 1748 572 1790 daemonium
614 1747 886 1803 significetur
929 1763 1092 1790 annon.
1137 1748 1294 1805 Neque
1343 1764 1444 1791 vero
1477 1747 1617 1797 aliter,
1650 1746 1735 1790 nisi
1767 1746 1878 1790 fotte
1908 1761 1984 1802 per

293 1823 467 1865 somnia
498 1828 538 1866 et
571 1828 757 1879 spectra,
792 1823 998 1866 Socrates
1026 1824 1077 1866 de
1105 1824 1284 1867 deorum
1316 1824 1540 1866 voluntate
1571 1823 1701 1879 vulgo
1719 1837 1983 1879 cognoscere

293 1899 416 1941 solet.
466 1898 633 1949 Quodsi
687 1897 756 1941 hic
802 1898 924 1941 locus
972 1898 1239 1942 adversariis
1288 1898 1463 1954 probari
1512 1903 1552 1941 et
1599 1898 1855 1942 satisfacere
1896 1913 1981 1941 non

296 1979 449 2029 potest,
480 1979 706 2031 praeterea
729 1974 977 2017 addendum
997 1974 1149 2031 Symp.
1170 1975 1285 2017 VIII.
1306 1977 1345 2024 5,
1367 1974 1439 2017 ubi
1458 1974 1736 2018 daemonium
1758 1974 1982 2018 Socratem

292 2067 391 2093 cum
424 2050 687 2093 Antisthene
720 2050 909 2107 colloqui
945 2056 1091 2094 vetare
1125 2050 1301 2093 dicitur:
1337 2054 1377 2091 τὸ
1403 2054 1614 2101 (δαιμόνιον
1639 2052 1983 2102 προφασιζόμενος

294 2128 342 2166 οὐ
387 2129 555 2179 διαλέγει
587 2145 665 2178 μοι.
698 2127 977 2184 Quamquam
1014 2127 1083 2170 hie
1114 2128 1236 2170 locus
1270 2128 1411 2170 solum
1447 2127 1618 2170 videtur
1648 2127 1842 2171 indicare
1875 2131 1985 2172 tunc

294 2204 518 2256 tew‘nporis
549 2202 831 2245 daemonium
867 2219 965 2246 eum
992 2219 1018 2246 a
1045 2203 1262 2260 colloquio
1291 2203 1562 2246 continuisse
1590 2218 1686 2245 cum
1717 2219 1767 2246 eo
1794 2218 1982 2260 quocum

293 2277 331 2320 ei
375 2277 569 2321 amicitia
611 2278 697 2321 iam
743 2284 874 2328 esset,
918 2295 1058 2336 neque
1099 2282 1148 2322 in
1190 2283 1472 2323 universum
1515 2278 1721 2327 illustrat,
1763 2279 1981 2335 quomodo

294 2368 423 2409 quem
458 2352 498 2395 in
538 2353 883 2398 familiaritatem
919 2354 1253 2412 acceperit,‘qui
1288 2355 1479 2398 nondum
1514 2355 1569 2398 ab
1602 2354 1768 2397 intimis
1800 2359 1917 2397 esset
1943 2359 1984 2398 et

295 2428 491 2471 Socratis
523 2430 761 2474 amicitiam
795 2435 1034 2487 appeteret.
1071 2431 1196 2473 Plato
1234 2436 1379 2474 autem
1411 2447 1491 2473 nos
1519 2431 1570 2473 de
1599 2430 1680 2473 hac
1707 2446 1751 2473 re
1777 2430 1982 2473 certiores

297 2503 398 2546 tacit
441 2504 639 2559 pluribus
678 2506 801 2555 locis,
845 2512 1076 2563 propterea
1118 2506 1233 2563 quod
1279 2506 1373 2549 eius
1406 2505 1569 2562 scripta
1601 2505 1826 2549 Socratica
1858 2506 1983 2563 plura

295 2584 396 2621 sunt
429 2596 559 2636 quam
590 2581 919 2637 Xenophontis:
953 2582 1135 2624 Tlieaet.
1177 2581 1268 2631 151,
1304 2581 1377 2623 ubi
1406 2597 1550 2627 sermo
1578 2586 1642 2623 est
1662 2581 1712 2623 de
1730 2581 1982 2625 adulescen-

344 2788 366 2828 ¹)
394 2786 529 2830 Utique
551 2787 669 2821 locum
693 2788 744 2822 ita
766 2788 1004 2831 interpretari
1029 2788 1124 2822 malo
1145 2800 1256 2831 quam
1284 2788 1402 2822 facere
1417 2800 1497 2821 cum
1512 2787 1601 2822 Jom,
1615 2787 1676 2831 qui
1693 2786 1798 2821 1.l.85
1810 2785 1982 2820 arbitrari

298 2846 444 2880 videtur
457 2847 647 2881 Socraten]
666 2848 828 2882 alienam
850 2856 995 2888 aarum
1021 2848 1260 2882 consuluisse
1275 2848 1492 2891 priusquam
1508 2847 1710 2882 amicitiam
1728 2847 1982 2890 coniungeret.

296 2906 404 2948 „Wie
442 2907 480 2941 in
516 2908 587 2941 den
624 2907 908 2942 Memorabilien
945 2909 1126 2943 Sokrates
1163 2908 1222 2942 die
1265 2908 1415 2943 Mantik
1451 2908 1570 2943 selbst
1606 2921 1670 2943 vor
1705 2908 1770 2943 der
1799 2908 1895 2952 Jagd
1919 2906 1982 2942 auI

298 2967 467 3002 Freunde
494 2967 669 3011 betragen
696 2968 789 3002 lassi
815 2982 844 3003 e.
860 2982 893 3012 q.
909 2982 939 3003 s.
